2325 3675
894 816 1203 907 [ascriptio
1295 814 1561 905 Quarta.

403 1044 415 1105 '5
440 1009 767 1082 ²*
786 1020 1048 1100 quidem
1067 1022 1366 1086 nonnihil
1382 1041 1530 1085 eum
1555 1037 1704 1083 mox
1726 1013 1923 1100 posita
1940 1033 2093 1084 eon.

399 1105 416 1179 ᾗ,
449 1165 571 1187 m
621 1146 645 1168 -.
695 1100 945 1165 formari
970 1107 1288 1181 voluerat3
1335 1124 1405 1166 ex
1430 1103 1728 1166 industria
1756 1117 2004 1171 tamen,
2027 1107 2096 1166 fi..

399 1184 417 1248 ἲ
449 1183 578 1217 ¹
623 1182 643 1255 {rs
701 1202 815 1255 ve,
867 1188 1016 1265 quia
1044 1188 1144 1250 illa
1174 1184 1444 1268 appensa
1460 1184 1652 1246 Altari
1682 1201 1816 1244 non
1853 1204 1923 1244 ex
1951 1203 2091 1250 toto

572 1264 583 1271 ’
700 1263 912 1327 debuit
937 1269 1109 1331 aliud
1139 1271 1361 1350 loqui,
1419 1266 1607 1349 qua‘m
1654 1265 2098 1349 circumuenti·

395 1352 516 1419 leS,
567 1343 709 1416 five,
745 1347 919 1427 quod
951 1350 1181 1413 oeulos
1220 1350 1407 1431 magis
1455 1348 1756 1410 attrahere
1803 1346 2039 1411 [oleant
2073 1396 2096 1422 ‚

398 1450 538 1509 quae
567 1428 815 1506 pie'turis
849 1429 1184 1514 subscripta
1229 1433 1557 1497 videntur,
1599 1431 1754 1490 dum
1789 1431 1961 1490 nude
1986 1452 2098 1509 po·

395 1511 505 1573 fita
531 1510 759 1572 curiofi
796 1528 1197 1590 praetereunt,
1242 1510 1413 1594 quasr
1435 1511 1638 1574 minus
1662 1509 2014 1591 loquentia,
2051 1515 2095 1577 fi

390 1591 684 1675 symbolo
710 1605 976 1663 careant,

524 1725 806 1795 Primum
834 1728 1020 1808 igitur
1052 1728 1155 1792 hic
1176 1730 1534 1813 ponebatur
1561 1730 1639 1790 ad
1669 1730 1821 1791 latus
1838 1727 2059 1796 Altaris
2075 1772 2097 1803 s

398 1813 804 1897 (symbolum
825 1830 1051 1874 vocare
1076 1814 1253 1883 vehs,
1300 1813 1397 1873 vel
1419 1808 1769 1883 Emblem33
1790 1833 1923 1875 non
1946 1836 2090 1877 eon-

402 1892 769 1972 tendimus)
813 1892 879 1953 in
908 1908 1042 1973 quo
1072 1892 1560 1973 conspiciendus
1587 1909 1711 1954 erat
1736 1896 2005 1960 Phoebus
2034 1902 2098 1963 in

399 1996 544 2042 ortu
573 1973 834 2056 quidem
859 2021 877 2045 ,
924 1974 1024 2037 sed
1043 1994 1176 2037 non
1195 1977 1459 2037 oriturus
1481 2022 1500 2044 ,
1531 1975 1642 2036 nifi
1675 1994 1869 2038 manu
1891 1983 2098 2044 eaelica

399 2061 792 2124 traherentur
830 2052 991 2137 Equi
1017 2057 1331 2135 quadrigae
1359 2100 1378 2127 ,
1416 2074 1480 2117 ut
1501 2052 1918 2119 Horizontem
1947 2083 2098 2125 con.

399 2138 745 2208 {cendant}
777 2156 909 2217 quo
927 2135 1619 2216 exprimeretur,Solem
1645 2138 1926 2201 nostrum
1959 2138 2101 2207 Boi·

401 2241 548 2287 cum
572 2237 707 2281 non
725 2216 899 2281 fuiffe
914 2219 1287 2298 sperandum
1306 2233 1540 2281 naturae
1555 2219 1819 2291 viribus,
1838 2222 1939 2283 sed
1956 2223 2100 2291 Coe.

402 2308 443 2368 li
470 2307 646 2365 dono
666 2346 684 2371 ‚
724 2298 903 2381 quod
926 2296 1254 2359 obtinuere
1271 2313 1421 2359 vota
1444 2298 1519 2357 ad
1546 2300 1724 2360 illum
1750 2303 1919 2365 mifla
1947 2356 1965 2380 ,
1999 2329 2097 2387 pe..

405 2406 516 2448 nes
536 2401 726 2463 quem
754 2378 1060 2445 Patavino
1085 2380 1218 2462 ipso
1238 2371 1719 2459 Thavmaturgo
1745 2384 1892 2445 teste
1913 2386 2100 2452 coele-

402 2468 593 2534 stium
621 2463 940 2523 donorum
968 2460 1172 2523 claves
1188 2474 1358 2520 erant
1376 2475 1454 2517 eo
1473 2476 1753 2539 tempore
1772 2464 2100 2548 depositae}

531 2546 832 2611 nimirum
855 2534 1593 2687 CAJE'J'ANURtllzunde
1616 2541 1681 2604 su
1688 2546 1901 2624 persen
1909 2570 1974 2633 p-

1100 2644 1211 2688 um
1240 2643 1337 2684 era

1076 2773 1422 2867 Epigraphe

882 2977 1242 3062 Exoratus
1279 2977 1590 3065 exorior.

1920 3165 2101 3226 Veritas
