2325 3675
748 296 922 357 affl&
979 295 1172 356 uffo(
1228 293 1402 354 &835

231 414 348 465 tibus
358 414 496 467 etiam
514 414 600 466 sese
613 449 628 468 ‚
679 413 856 483 sibique
871 415 1163 484 parcentibus
1185 412 1356 464 infimis
1371 449 1385 474 ,
1418 408 1838 464 circumferendum
1869 411 1917 464 in

231 486 539 537 Sacramento
560 483 886 538 absconditum
908 489 1067 538 Deum
1087 483 1213 535 nulld
1223 482 1447 551 temporis
1466 478 1622 547 injuria
1636 516 1649 539 ,
1685 485 1814 534 nullo
1833 499 1918 532 tat·

235 553 371 605 datus
383 552 580 625 negotio
593 589 608 607 ,
636 554 810 606 ardenti
825 555 978 625 magis
990 552 1162 614 corde,
1206 553 1348 621 qua'rn
1366 550 1472 603 face
1494 551 1766 619 sequebatur
1782 587 1794 609 ‚
1816 569 1916 602 non

238 624 369 675 annis
383 623 717 676 tantummodo
733 624 931 694 singulis,
942 623 1016 675 sed
1027 625 1207 692 quotics
1220 621 1574 677 licuitinvitam.
1661 617 1922 671 Pcdcsttem

242 694 456 746 circuire,
492 693 658 759 pluvio
686 692 1044 763 quoquecae10,
1080 693 1360 759 cunctisque
1386 691 1436 740 in
1456 689 1636 759 templis
1647 704 1706 742 ac
1730 689 1849 740 urbis
1870 686 1929 737 sa-

239 763 369 814 cellis
381 762 557 827 passum
582 779 668 831 pro
681 763 860 813 Mundo
876 799 890 817 ,
915 766 967 816 δε
984 763 1212 830 sepultum
1233 762 1427 812 adorare
1448 766 1604 810 Deum
1624 756 1702 825 qui
1718 757 1828 810 vidit
1841 772 1932 811 ,te-

240 832 484 882 nerrimam
498 831 525 882 ὲ
545 839 677 884 vultu
691 832 999 884 devotionem
1013 836 1213 901 legebat,
1287 828 1617 894 suspicientem
1631 828 1675 878 in
1691 830 1794 879 viris
1814 826 1931 878 Deo

240 901 419 951 sacratis
432 939 446 963 ‚
480 918 580 953 non
601 904 706 965 Ejus
731 902 914 954 tantum
929 902 1157 954 ministros
1173 938 1185 961 ,
1199 898 1275 951 sed
1295 902 1509 950 rubentes
1522 897 1701 951 Divino
1715 897 1930 966 sanguine

245 985 411 1021 manus
419 969 475 1021 cai
484 974 858 1027 venerationem
869 970 1063 1023 osculari
1078 968 1233 1036 potius
1247 968 1553 1037 voluissetlpsc
1564 982 1727 1017 manus
1740 966 1928 1016 illorum

241 1038 383 1108 quam
399 1040 482 1091 suis
507 1043 568 1092 ab
588 1041 641 1093 iis
657 1042 704 1092 id
739 1041 947 1109 obsequii
982 1056 1130 1109 genus
1154 1038 1396 1092 admittere
1421 1074 1435 1098 ,
1480 1037 1682 1106 quisquis
1706 1050 1933 1088 noverat,

243 1108 472 1161 addiscere
486 1112 636 1173 potuit
654 1113 925 1164 reverentiae
949 1125 1188 1166 normam,
1270 1112 1325 1158 Et
1350 1106 1633 1176 quicumque
1647 1104 1932 1156 diflerenrem

241 1180 447 1230 audierat
461 1178 521 1228 de
541 1180 701 1234 divinis
713 1182 962 1249 Mysteriis,
984 1178 1044 1230 de
1062 1176 1406 1231 credendorum
1427 1175 1696 1228 certitudine
1709 1214 1722 1237 ,
1742 1175 1801 1225 de
1826 1179 1931 1224 Ro*

246 1262 398 1299 manae
420 1247 549 1300 Sedis
574 1250 840 1305 sanetitate,
868 1251 928 1302 de
953 1251 1117 1301 summi
1137 1247 1374 1302 Pontificis
1399 1247 1679 1295 Auctoritate
1699 1284 1712 1307 ‚
1748 1247 1799 1298 ὃς
1821 1245 1937 1295 obe-

244 1314 415 1369 dientizi
427 1317 984 1376 debitziChristiVicario,
1009 1322 1091 1369 suo
1105 1358 1119 1382 ‚
1132 1318 1410 1382 suorumque
1423 1314 1821 1366 Sereniflimorum
1844 1318 1932 1363 Na·

243 1401 409 1438 torum
429 1392 651 1460 exemplo
669 1392 921 1457 perhibita,
945 1390 1203 1453 Principem
1220 1385 1498 1451 caeteroquin
1518 1384 1694 1435 summa
1716 1384 1936 1449 perspica-

245 1455 384 1508 citate
396 1456 628 1511 donatum
645 1497 659 1515 ,
682 1460 810 1510 suum
822 1474 982 1511 tamen
1004 1456 1129 1509 adeo
1147 1456 1439 1508 intellectum
1461 1455 1777 1520 captivantem
1794 1454 1836 1502 in
1852 1456 1936 1502 ob—

244 1526 450 1594 sequium
462 1527 586 1578 Fidei
610 1549 624 1583 1
646 1544 694 1579 ur
717 1528 819 1581 haec
842 1531 917 1581 vel
945 1527 1139 1579 minime
1157 1528 1204 1577 in
1224 1524 1526 1595 quaestionem
1540 1536 1764 1575 vocantes
1788 1521 1936 1571 redar-

247 1609 434 1664 gueret,
472 1602 651 1646 Heraem
665 1597 804 1664 plane
821 1600 1000 1648 summa
1022 1601 1190 1644 Pietate
1208 1632 1222 1657 ‚
1241 1598 1294 1648 &
1312 1592 1523 1657 Religione
1544 1590 1781 1658 praeditum
1800 1590 1936 1641 fateri

249 1665 485 1717 debuerat.
559 1669 717 1718 Silebo
732 1667 868 1731 hujus
882 1665 1069 1718 visenda
1088 1664 1353 1716 testimonia
1377 1665 1423 1711 in
1440 1677 1513 1711 tot
1534 1660 1720 1713 Sacellis
1733 1695 1748 1712 ,
1782 1662 1939 1711 Altari-

252 1734 745 1802 busq'ueconstructis3
781 1736 829 1786 in
844 1751 915 1787 tot
941 1730 1829 1802 1emplis&Eccles1isEiusliberalitate
1855 1729 1936 1779 do-

246 1801 379 1863 tatis3
414 1808 460 1856 in
482 1822 554 1857 tot
567 1806 850 1859 caenobiis&
869 1805 1101 1856 Asceterits
1117 1807 1218 1863 Eius
1238 1799 1551 1853 munificentia
1565 1798 1743 1860 ditatis,
1780 1798 1832 1850 in
1852 1799 1938 1849 So-⁴

249 1868 418 1923 dalitiis
430 1872 627 1942 denique
644 1913 658 1936 ,
695 1890 753 1926 ac
763 1876 947 1926 caetibus
957 1877 1037 1940 piis
1053 1874 1173 1923 illius
1186 1874 1300 1923 zelo
1321 1867 1552 1930 fundatiS,
1578 1870 1938 1930 autEjusei'rern·

250 1939 335 2006 plo
347 1979 361 2001 ,
373 1944 450 1992 vel
464 1943 729 1994 aceeffione
741 1945 977 1993 adauctis:
1013 1946 1178 1992 Fuitne
1197 1943 1453 2006 cujuspiam
1464 1939 1608 1990 saneti
1619 1939 1844 1992 celebrius
1857 1938 1938 1988 Fe·

252 2010 398 2062 stum,
432 2011 564 2077 quod
584 2008 658 2059 sua
679 2027 781 2060 non
810 2010 1033 2077 ampliare
1051 2009 1257 2060 voluerit
1280 2005 1517 2060 Praesentia
1534 2022 1632 2058 tam
1656 2008 1700 2057 in
1723 2008 1907 2056 urbibus
1924 2041 1940 2066 ,

253 2077 399 2144 quarn
412 2079 551 2130 Ruri?
590 2079 839 2129 Poteratne
853 2083 1004 2149 rogari
1020 2117 1032 2141 ‚
1058 2078 1196 2129 utsuo
1211 2077 1471 2128 interventu
1482 2076 1619 2127 cieret
1633 2078 1863 2142 populum
1878 2075 1941 2125 ad

255 2147 462 2212 publicas
484 2162 640 2214 preces
656 2187 669 2209 ‚
684 2151 738 2202 ὃ(
753 2148 900 2201 plures
918 2145 1210 2215 quando'que
1234 2146 1282 2196 in
1303 2144 1397 2194 dies
1416 2146 1681 2209 protractas
1700 2144 1938 2191 Devotio-

256 2232 366 2270 nes,
401 2217 708 2285 qui-bussuam
721 2213 958 2265 desiderari
984 2216 1262 2263 Personam,
1298 2209 1412 2260 cum
1427 2211 1608 2277 potuit,
1644 2209 1940 2273 permiserat?

258 2286 448 2336 cessirne
459 2287 664 2354 cuipiam
686 2288 735 2333 in
749 2280 1066 2333 culrutucndo
1081 2317 1094 2341 ,
1130 2295 1272 2343 quem
1285 2277 1483 2345 Lipsanis
1505 2279 1635 2326 sacris
1656 2276 1811 2328 deberi
1827 2295 1940 2350 cog·

259 2369 484 2409 noverat,
514 2352 760 2421 noluitque
778 2350 930 2402 forsan
949 2349 996 2399 iis
1018 2348 1086 2402 se,
1118 2348 1336 2414 suamque
1354 2344 1696 2399 Sereniffirnam
1721 2351 1941 2400 Domum

262 2425 441 2475 munire
453 2463 467 2486 ‚
479 2428 532 2477 ὃ(
547 2439 650 2473 non
663 2421 909 2474 sacratiora
921 2417 1108 2470 reddere
1117 2419 1303 2470 Sacella
1319 2417 1581 2466 constructa
1593 2453 1607 2477 ‚
1645 2416 1733 2467 Illis
1745 2415 1770 2466 ἐι
1785 2418 1940 2469 saneta

264 2493 381 2544 Sede
402 2492 675 2560 postulatis?
716 2495 800 2544 Me
825 2488 1043 2556 profecto
1067 2502 1252 2539 tacente
1274 2485 1588 2536 testimonium
1607 2485 1862 2553 perhibebit
1883 2489 1945 2540 de

265 2563 336 2613 his
354 2599 369 2617 ,
394 2562 690 2629 plurimisque
714 2561 812 2613 aliis
835 2556 1182 2628 Religiosrssimi
1218 2557 1363 2607 animi
1389 2553 1519 2626 signis
1541 2571 1786 2623 nunquam
1810 2556 1942 2610 inter.

268 2634 491 2683 moritura
506 2631 767 2698 pientilsimi
790 2629 1005 2692 Principis
1020 2627 1150 2678 fama
1166 2665 1180 2688 ‚
1217 2641 1317 2694 quae
1333 2663 1346 2686 ,
1371 2623 1482 2675 sicut
1495 2624 1541 2675 in
1557 2624 1676 2679 aliis,
1717 2626 1777 2676 ita
1792 2628 1836 2675 in
1853 2633 1944 2677 Pie·

268 2702 424 2754 tate&
450 2702 663 2767 Reltgione
674 2701 785 2751 nulli
800 2696 1033 2751 concedet
1045 2711 1218 2748 vocare
1231 2695 1485 2746 secundum
1515 2712 1528 2747 t
1565 2694 1946 2749 Edoetumnem.

271 2784 331 2834 pe
345 2771 596 2821 Prudentiae
613 2772 694 2821 suae
719 2769 915 2820 consilio
935 2803 950 2820 ,
982 2766 1125 2836 quam
1143 2772 1285 2813 Pietas
1308 2762 1358 2812 sit
1380 2764 1593 2812 adomnia
1614 2766 1734 2812 utilis
1760 2804 1774 2827 ,
1802 2781 1948 2833 quan·

272 2853 466 2904 tumque
493 2838 752 2904 Principem
763 2838 1126 2907 firmetReligio,
1159 2850 1261 2905 qua:
1275 2837 1373 2884 sola
1387 2836 1629 2900 potensest
1644 2841 1799 2885 Deum
1814 2874 1827 2894 ,
1843 2853 1945 2887 om.

273 2911 343 2957 nis
355 2908 576 2958 felicitatis
594 2907 851 2959 Authorem
863 2946 877 2969 ,
897 2907 1081 2978 religare
1098 2902 1290 2970 Pti'ncipi
1313 2903 1537 2955 insolubili
1549 2908 1737 2956 vinculo
1751 2943 1764 2967 ‚
1802 2904 1827 2955 a
1842 2921 1945 2974 quo

273 2975 415 3027 etiam
437 2976 689 3046 Religionis
712 2993 889 3029 nornen
907 2991 1097 3027 enatum
1117 2976 1197 3026 est.

383 3050 442 3095 At
463 3045 612 3113 quid?
656 3062 770 3097 num
795 3046 1086 3097 prudentiam
1109 3046 1189 3095 ista
1213 3044 1466 3096 dictantem
1491 3057 1573 3093 tuo
1597 3058 1708 3094 cum
1735 3045 1948 3094 Nomine

279 3132 378 3168 non
396 3114 573 3167 insitam
587 3115 745 3169 dixero
761 3121 941 3187 Magne
956 3121 1077 3181 RcX‚
1111 3118 1220 3184 quia
1237 3116 1392 3167 sanci:
1405 3118 1643 3165 Luaovice?
1680 3116 1750 3164 fist
1767 3129 1949 3164 nomen

1121 3199 1151 3236 c
1171 3191 1207 3252 ’[-
1244 3200 1273 3240 2
1754 3197 1886 3233 tuum
