2325 3675
404 345 834 429 Extinguenda
859 342 1148 417 timebas,
1171 358 1510 424 antequam
1533 361 1836 426 parerent,
1932 417 1938 422 ¹

743 433 1010 493 Patitura
1032 440 1189 489 tunc
1209 427 1469 508 quidem

518 507 638 574 Sed
657 528 867 592 praeter
891 509 1166 570 tenebras
1188 508 1512 585 infortunii
1559 509 1739 576 nihil:

557 590 843 657 pulsabas
870 588 1111 655 Caelum
1131 590 1456 667 precibUS,
1487 593 1548 653 &s
1571 587 1790 660 νοτὶς,

414 666 501 738 Ut
516 672 881 755 Principum
909 673 1230 734 Parentem
1256 688 1526 733 cerneres
1546 674 1611 733 in
1626 669 1784 740 Filio
1800 717 1822 744 ‚

554 762 765 834 Quem
787 757 989 821 Patriae
1011 751 1251 814 Patrem
1277 754 1402 826 jam
1430 754 1679 816 colebas

920 836 988 896 ln
1005 833 1313 914 Principe:

881 913 997 980 Sed
1024 914 1347 979 incassum.

714 993 914 1063 ¹Unus
943 995 1081 1073 post
1109 997 1274 1058 varia
1297 993 1502 1070 Vota,

763 1073 1225 1144 THIENAEUS
1269 1093 1394 1141 erat
1411 1124 1432 1151 ,

433 1157 506 1228 ln
523 1179 715 1242 quem
741 1160 889 1234 jaeta
908 1159 1146 1219 fiducia
1164 1158 1362 1222 fidem
1385 1177 1522 1222 non
1542 1155 1811 1225 fallerem

632 1239 759 1307 Cui
783 1241 990 1304 fallere
1015 1238 1211 1302 fidem
1236 1240 1364 1322 ipsa
1380 1239 1628 1303 noluisti

810 1318 1099 1401 Templo
1129 1322 1450 1402 promisso.

425 1406 713 1491 Figendae
736 1402 1036 1466 nimirum
1063 1403 1130 1464 in
1169 1401 1817 1483 providumNumen,

523 1492 874 1565 Nunquam
896 1485 1172 1622 falllittgrae
1187 1482 1434 1546 fiduciae
1450 1485 1720 1556 Aufior,

939 1566 987 1625 n
1013 1582 1044 1623 e
1092 1578 1300 1634 uerat,

494 1645 638 1730 Qui
655 1642 1010 1728 Luminunp
1023 1642 1182 1704 Patri
1196 1643 1326 1704 hoc
1340 1643 1474 1722 ipso
1493 1644 1759 1716 charior,

880 1714 1082 1792 Bojco
1095 1714 1356 1779 Mundo

842 1802 1179 1880 Impetrare
1203 1798 1417 1877 potuit

601 1881 989 1965 Magnorum
1016 1875 1374 1943 Luminum
1398 1884 1659 1946 Patrem?

717 1962 980 2044 Replica
999 1979 1177 2022 nunc
1195 1975 1346 2021 vota
1362 1957 1536 2037 Tua,

748 2040 1006 2122 Lugens
1035 2041 1496 2115 BAVARIA

474 2130 565 2199 Ut
589 2148 777 2214 quem
801 2127 1123 2188 emmenso
1140 2126 1559 2192 laudatissimo
1584 2126 1779 2194 Cursu

517 2213 888 2293 Repetitum
911 2205 1088 2268 doles
1111 2203 1481 2288 Principum
1503 2209 1737 2275 solem,

562 2292 705 2359 Fixa
729 2294 889 2351 inter
913 2285 1103 2343 sidera
1138 2288 1420 2348 locatum
1438 2290 1692 2360 sentiaS,

779 2363 854 2431 Et
883 2362 1210 2442 duplicato
1235 2367 1450 2438 jubare
1468 2414 1491 2441 ,

808 2446 1131 2511 chatum
1151 2446 1218 2506 in
1237 2442 1394 2511 Filio
1408 2488 1429 2513 ,

578 2534 905 2602 Servatum
923 2524 1132 2588 videas
1154 2526 1219 2588 in
1235 2528 1415 2609 plura
1436 2528 1672 2598 saecula·
