2325 3675
855 262 1032 320 &8235
1089 261 1282 319 κῶας
1336 260 1512 319 ξὲἒὲἓ

339 400 440 436 non
450 383 623 446 fixerat,
659 377 792 449 quod
804 377 991 450 magnis
1014 376 1253 430 formidini
1274 381 1466 431 latratus
1489 376 1575 430 elie
1588 394 1692 431 non
1714 377 1911 439 soleant;
1948 394 2038 432 nec

340 454 431 508 illis
447 453 534 506 sele
542 453 722 506 moveri
734 448 991 520 patianturt
1031 463 1122 500 nec
1140 446 1353 520 generosi
1369 450 1431 501 ad
1454 448 1587 499 ullius
1608 449 1854 502 occursum
1866 466 2042 521 pavere

341 530 530 579 Leones
549 536 655 586 ,aut
672 535 851 588 capere
873 518 1062 572 muscas>
1074 519 1377 571 consuescant
1398 539 1411 571 z
1444 516 1507 571 fic
1525 516 1587 570 ad
1606 519 1897 588 loquendum
1916 519 2045 573 male

346 595 406 648 de
416 594 541 656 ιιΙῙο,
566 606 628 642 ne
639 589 836 660 quidem
851 588 912 642 de
925 589 1064 642 hoste
1076 629 1091 652 ,
1121 603 1351 661 magnum
1366 590 1484 641 lllius
1506 588 1724 643 inducere
1737 592 2045 659 nequiverant

344 668 558 718 animum
576 675 665 713 ora
689 659 922 713 maledica
944 685 958 718 3
998 675 1090 713 nec
1113 660 1207 710 ulla
1226 675 1386 711 terrere
1406 661 1612 727 pericula
1636 696 1652 715 ,
1698 661 2047 729 quantumlibet

345 735 583 795 maxima,
618 732 697 798 qui
721 746 926 782 mortem
939 729 1110 798 ipsam,
1142 733 1316 796 utlazpe
1330 745 1638 783 contemnere
1657 730 1807 799 potuit
1827 733 2045 783 minitan-

345 820 460 867 tem3
472 802 536 854 ita
549 801 661 856 {erio
677 807 942 854 venientem
957 797 1177 868 intrepide
1191 797 1397 851 salutdlle
1411 805 1706 852 cernebatur:
1718 799 1911 851 fortunae
1924 802 2047 854 vero

345 888 434 926 nec
444 871 654 926 secundae
668 870 884 930 blandiri3
899 885 987 922 nec
1001 870 1233 920 sinistram
1249 872 1349 921 ullo
1363 886 1492 922 metu
1505 872 1680 942 dignari
1696 908 1709 932 ‚
1723 872 1851 922 vultu
1869 871 2046 940 semper

346 941 507 1013 aequali
519 942 765 1011 utramque
777 941 1005 1009 recipiens
1027 979 1041 1004 ,
1064 940 1363 1009 eandemque
1388 941 1583 993 retinens
1600 940 1649 992 in
1672 939 1878 992 adversis
1902 944 2052 1008 perso.

347 1029 466 1069 nam
478 1050 494 1069 ,
524 1028 672 1082 quam
689 1011 1007 1080 praeseferebat
1028 1011 1075 1063 in
1092 1012 1347 1078 prosperis.-
1405 1017 1592 1074 Nempc
1614 1013 1656 1063 se
1668 1013 1929 1077 Principem
1943 1011 2054 1063 ideo

349 1099 517 1139 natum
530 1083 817 1155 agnoscens,
852 1098 1019 1135 utnon
1037 1083 1224 1151 populis
1239 1080 1421 1145 solum,
1450 1081 1528 1133 led
1545 1081 1740 1134 fortunae
1754 1097 1946 1150 quoque
1970 1081 2057 1132 dor

352 1156 521 1208 minari
544 1169 645 1204 non
661 1153 863 1217 nesciat3
901 1169 1014 1206 tunc
1038 1167 1198 1204 autem
1220 1167 1467 1204 autumans
1478 1153 1658 1203 Herois
1671 1153 1715 1205 se
1739 1153 1951 1205 Nomine
1965 1151 2060 1222 dig·>

353 1241 500 1289 num,
536 1224 650 1277 cum
674 1224 859 1279 vincere
881 1226 1024 1276 semet
1035 1224 1084 1274 in
1110 1218 1314 1291 propitia
1329 1262 1342 1285 ,
1372 1221 1568 1275 infidam
1589 1239 1705 1276 vero
1728 1225 1919 1275 noverit
1939 1236 2061 1272 con.

353 1311 578 1351 temnere.
650 1297 705 1346 Et
716 1293 833 1364 quid
844 1295 903 1345 de
915 1293 1244 1363 Magnitudine
1257 1292 1447 1344 dixerim
1460 1295 1628 1349 animi,
1665 1308 1810 1359 quam
1835 1306 1965 1343 tanta
1980 1309 2060 1361 per

352 1371 645 1438 Argumenta
656 1366 933 1433 probavitin
945 1362 1109 1425 factis,
1137 1365 1252 1416 dum
1268 1379 1512 1432 nunquam
1524 1382 1626 1417 non
1644 1377 1821 1433 magna
1839 1363 2063 1430 patravit,

353 1453 436 1488 aut
456 1452 634 1508 magna
665 1435 888 1503 paravit?
935 1433 1117 1503 optime
1140 1449 1311 1503 gnarus
1331 1473 1346 1498 ‚
1380 1449 1658 1503 magnarum
1684 1449 1918 1486 mentium
1939 1434 2030 1484 esse
2046 1469 2062 1493 ,

355 1507 535 1575 lemper
553 1507 733 1560 excelsa
759 1504 999 1559 meditari,
1023 1504 1219 1575 grandia
1244 1505 1423 1572 semper
1437 1505 1591 1555 moliri
1613 1541 1629 1566 ,
1666 1505 1805 1572 seque
1827 1540 1841 1566 ‚
1873 1507 1989 1554 dum
2015 1503 2065 1554 in

357 1578 546 1647 magnis
559 1576 851 1649 cogitatione
864 1577 1098 1629 versantur
1117 1579 1170 1629 &
1193 1590 1337 1643 opere
1348 1610 1364 1628 ,
1386 1575 1569 1647 magnis
1587 1589 1782 1645 quoque
1794 1575 1960 1646 dignas
1974 1574 2063 1624 exi-

361 1647 553 1701 stimare
566 1688 580 1712 ,
605 1645 961 1717 necquidquam
978 1645 1069 1697 vile
1081 1681 1097 1706 ‚
1131 1644 1313 1713 suoque
1325 1642 1514 1696 inferius
1527 1646 1675 1716 gradu
1690 1645 1783 1698 sive
1798 1644 2059 1704 comittere,

362 1717 459 1770 five
481 1719 751 1773 admittere.
852 1718 976 1789 Quo
1006 1716 1119 1770 vero
1145 1715 1386 1781 preconio
1411 1731 1523 1768 eam
1552 1715 1876 1767 celsitudinem
1900 1715 2066 1766 mentis

362 1803 782 1844 commemorem,
819 1803 914 1856 qua
941 1785 1315 1839 munificentiam
1335 1786 1696 1855 Magnificenriae
1720 1790 1887 1850 junxit,
1917 1784 2065 1834 Forti-

362 1860 576 1914 tudinem
587 1862 620 1913 F
623 1858 781 1912 iduciae
795 1857 1014 1917 sociavit3
1056 1859 1359 1909 aemulatione
1371 1853 1592 1908 laudabili
1606 1859 1839 1905 maximos
1849 1866 2065 1921 quotque

362 1930 573 1997 superare
587 1944 821 1984 conatus,
844 1929 1120 1993 neminique
1134 1927 1400 1976 maturitate
1420 1923 1627 1976 consilii,
1666 1923 1739 1972 vel
1762 1919 2067 1987 exequendo·

365 2016 472 2054 rum
488 2001 684 2060 ardore,
719 1994 891 2060 Justiria
908 2033 921 2057 ,
944 2002 996 2048 ὃς
1014 1991 1288 2052 Prudentia,
1314 1990 1491 2041 Pietate
1512 2026 1527 2043 ,
1555 1994 1609 2042 &c
1632 1990 1888 2056 Religione
1910 1992 2070 2040 secun.

368 2072 487 2124 dum
502 2072 545 2122 se
567 2071 657 2121 esse
675 2065 949 2120 concedens
965 2064 988 2111 ἒ
1018 2061 1234 2115 Vestrum
1254 2062 1354 2111 hoc
1372 2058 1451 2108 erit
1465 2058 1719 2128 agnoscere
1734 2060 1767 2112 ὃ
1785 2059 1893 2110 Divi
1912 2068 1923 2111 ε
1967 2066 2066 2123 Mag-

360 2142 672 2211 gnanimitatis
687 2136 863 2201 quippe
875 2132 1130 2182 nobiliores
1143 2131 1228 2183 has
1244 2143 1393 2197 partes
1407 2129 1562 2179 vestris
1586 2127 1634 2179 in
1653 2128 1936 2181 Nominibus
1957 2130 2066 2199 geri-

369 2213 443 2273 tis»,
453 2213 507 2264 ὃ(
518 2221 689 2259 omnes
697 2217 811 2254 cum
823 2199 1121 2251 Nominibus
1133 2201 1283 2249 vestris
1296 2195 1501 2247 indidisse
1523 2196 1744 2249 videmini
1762 2201 2071 2249 Maximiliano

371 2279 585 2341 Secundo,
625 2271 800 2325 idcirc&
826 2270 934 2327 vet'e
959 2270 1270 2317 Maximiliaeno
1293 2303 1309 2322 ,
1347 2266 1459 2336 quia
1481 2268 1591 2319 nulli
1613 2274 1984 2336 Magnanimdate
2006 2269 2072 2324 se·

403 2350 552 2404 undo.

372 2368 400 2406 c
475 2418 568 2473 Sed
582 2430 671 2467 nec
684 2417 854 2463 Pietate
863 2414 916 2468 ὅτ
929 2408 1162 2475 Relzgione,
1178 2423 1228 2461 ut
1237 2407 1462 2461 dixeram.
1537 2409 1764 2462 Praesefert
1776 2409 1862 2462 has
1874 2424 2072 2497 magnas

374 2488 624 2544 Christiani
647 2483 822 2540 Heron
833 2480 1131 2535 conditiones
1155 2492 1288 2530 tuum
1304 2478 1506 2532 Nomen
1523 2481 1762 2542 Emanuel,
1787 2496 1933 2548 quem
1955 2496 2073 2531 inter

376 2573 655 2631 purpuratos
669 2591 682 2606 .
704 2554 852 2622 sparso
870 2569 956 2622 pro
968 2548 1061 2602 fide
1082 2549 1305 2620 languine
1333 2548 1548 2608 nobiles,
1583 2567 1826 2602 veneratur
1849 2548 2073 2603 Ecclesia.

377 2641 463 2694 (c)
500 2628 728 2678 Nobiscum
741 2631 856 2674 Deus
875 2622 1061 2678 vertitur
1081 2620 1179 2672 hoc
1195 2622 1425 2682 Nomen;
1463 2635 1709 2687 nunquam
1732 2635 1889 2671 autem
1913 2620 1961 2671 id
1987 2617 2068 2671 fibi

381 2720 484 2755 non
503 2700 687 2752 asserere
704 2708 896 2763 poterat
918 2705 1120 2761 magnus
1139 2690 1353 2738 Emanuel
1369 2726 1386 2753 ,
1428 2687 1506 2758 qui
1533 2693 1692 2741 Deum
1718 2690 1897 2759 semper
1917 2690 2072 2740 secum

377 2772 507 2825 fuisse
519 2775 572 2824 ὅτ
590 2765 909 2833 experiebatur
925 2762 1126 2816 auxiliis,
1151 2763 1204 2814 ὃ(
1219 2760 1379 2811 mereri
1397 2757 1628 2810 studuerat
1647 2775 1758 2810 cum
1779 2767 1885 2811 Deo
1895 2760 2070 2826 semper

375 2837 713 2912 religioliffimo
730 2843 857 2889 cultu
883 2830 1127 2887 versando.
1228 2832 1473 2881 Testentur
1496 2829 1767 2895 pavimenta
1783 2866 1798 2884 ‚
1841 2832 1886 2879 in
1910 2827 2072 2896 quibus

375 2913 598 2977 prosterni
616 2905 925 2960 consueverat
938 2901 1135 2954 demisso
1154 2899 1203 2951 in
1221 2915 1387 2952 terram
1402 2902 1531 2952 vultu
1550 2934 1566 2952 ,
1608 2901 1818 2951 velatum
1843 2898 1922 2947 sub
1943 2896 2075 2947 Panis

381 2982 532 3051 specie
543 2986 705 3030 Deum
717 2989 985 3046 recepturus
994 2972 1042 3023 in
1054 2972 1243 3040 Synaxi.
1291 2970 1538 3021 Testentur
1547 2970 1756 3037 compita
1771 3005 1785 3030 ,
1798 2968 1878 3019 viae
1886 2964 1979 3036 que
1991 2965 2078 3016 cire

385 3066 498 3104 curn
509 3054 689 3103 moenia
702 3051 857 3119 longae
866 3082 882 3100 ,
899 3058 978 3113 per
993 3057 1109 3112 quas
1122 3039 1451 3113 Religiositatis
1469 3042 1514 3090 in
1529 3041 1771 3105 exemplar
1780 3074 1796 3101 ,
1816 3035 2076 3089 subducen.

1884 3110 2007 3159 tibus

497 3199 576 3256 (c)
606 3207 667 3240 26.
688 3198 829 3239 Martii
851 3199 959 3247 juxta
974 3198 1192 3239 Mart-Rom,
