2325 3675
773 226 950 285 &effi
1009 225 1195 283 XOEX
1253 222 1431 281 ffiffl

204 351 307 402 lum
333 361 694 420 argumentum,
717 343 908 413 ejusque
933 342 1211 395 divisionem
1245 341 1542 394 manifestare
1573 340 1626 393 fit
1649 341 1828 406 visum3
1879 352 1939 397 Ar
1974 366 2021 399 u.

207 436 422 473 mentum
439 419 580 488 porro
596 419 682 468 toti
695 418 796 469 vitae
807 415 958 466 cursui
969 413 1256 482 explicando
1267 409 1495 464 idoneum
1509 416 1692 463 nullum
1707 414 1862 485 magis
1881 362 2020 469 νῆές-

212 491 551 543 baturAuCtori
589 497 742 546 (totus
755 487 882 536 enim
896 486 1032 536 labor
1043 485 1119 535 uni
1130 484 1274 551 capiti
1291 483 1528 544 incubuit)
1564 484 1711 552 quam
1728 484 2024 555 desumptum

210 575 270 612 ex
292 560 393 630 ipso
409 574 622 626 tempore
642 596 656 619 ,
680 557 837 612 hora,
869 560 924 610 &
948 554 1084 625 signo
1098 593 1112 617 ,
1132 556 1180 604 in
1193 570 1294 623 quo
1319 552 1524 606 decessus
1543 553 1634 619 ipse
1654 555 1917 607 tristissimus
1941 562 2027 608 Ba-

209 634 392 685 variam
414 628 686 682 funestavit:
723 625 954 683 Occiduo
968 625 1145 693 quippe
1158 627 1299 682 Sole,
1330 628 1382 679 &c
1402 627 1475 676 vix
1486 624 1670 697 lignum
1696 625 1912 678 ultimum
1928 625 2025 678 Zo.

211 700 333 754 diaci
344 699 541 766 ingresso
555 698 854 750 occumbens
864 693 1179 749 Serenissimus
1195 734 1209 757 ‚
1234 698 1297 748 uti
1311 713 1476 747 revera
1493 697 1610 746 inter
1625 696 1853 764 Principes
1867 697 1928 748 sui
1943 699 2030 750 aevi

214 787 312 826 erat
325 808 340 834 ,
358 769 491 840 quod
515 774 629 819 inter
648 769 867 820 Planetas
884 805 899 829 ‚
923 770 977 820 &
998 763 1144 817 srdera
1162 767 1357 819 Phaebus
1377 803 1393 821 ‚
1411 767 1472 817 ita
1493 765 1806 820 occasionem
1824 766 2032 835 suppedi-

212 857 310 895 tare
332 841 580 909 putabatur
595 839 675 889 sub
693 838 930 909 Allegoria
956 836 1170 892 SOLls,
1204 837 1451 905 quitotum
1467 841 1780 888 Heroicarum
1794 838 2031 893 Virtutum

213 913 489 968 Zodiacum
502 909 728 960 duodena
743 910 988 977 perlustra
1003 905 1315 959 laudatiffime*
1340 907 1551 960 emensus
1572 910 1748 970 luerat,
1771 910 1825 961 ὃ(
1841 908 2034 963 tandem

213 984 261 1036 in
272 983 441 1033 ultimo
455 977 592 1049 signo
610 980 685 1031 seu
700 980 841 1032 lustro
854 978 1080 1029 occasum
1104 996 1204 1030 non
1226 978 1494 1040 abhorruit,
1533 984 1686 1029 Dotes
1709 1015 1720 1039 ,
1758 977 2035 1048 cursumque

214 1054 316 1107 vitae
327 1053 373 1102 in
386 1052 608 1118 prospera
624 1049 761 1120 aeque
776 1066 835 1104 ac
849 1048 1046 1103 adversa
1056 1046 1244 1099 fortuna
1256 1086 1270 1103 ,
1290 1050 1558 1101 mirandum
1569 1087 1584 1111 ,
1597 1049 1842 1103 nonnihil,
1866 1053 1920 1104 ὃ(
1933 1050 2036 1102 obi·

213 1140 282 1177 ter
291 1122 448 1191 potius
461 1118 791 1191 perstringendi
807 1160 821 1185 ,
863 1120 1008 1190 quarn
1024 1117 1327 1172 describendi.

317 1197 426 1245 Nec
438 1192 533 1242 tale
561 1206 894 1261 argumentum
916 1189 1026 1257 apte
1048 1206 1129 1257 per.
1151 1189 1421 1242 interiorem
1435 1189 1627 1256 Templi
1641 1189 1878 1242 ambitum
1895 1189 2039 1243 distri·

216 1263 358 1315 buere
372 1259 562 1313 difficile
587 1277 684 1312 erat
709 1300 722 1323 ‚
760 1261 907 1328 ipsum
935 1261 1064 1311 enim
1094 1260 1194 1310 hoc
1217 1260 1430 1313 docebat
1450 1261 1740 1327 Templum,
1766 1277 1860 1318 nec
1886 1263 2038 1314 ullum

215 1333 386 1385 melius
408 1369 423 1387 ,
458 1329 604 1400 quam
627 1330 726 1381 hoc
746 1333 875 1382 idem
898 1332 1032 1383 Divo
1059 1330 1422 1393 CAJETANO
1449 1333 1517 1380 ob
1547 1330 1840 1398 impetratam
1865 1332 2042 1384 abhoc

214 1403 595 1473 Thaumaturgo
630 1402 946 1453 Nativitatem
984 1402 1438 1455 MAXIMILIANI
1478 1402 1854 1454 EMANUELIS
1889 1402 1916 1454 a
1961 1404 2041 1455 Se·

213 1473 455 1525 reniffimis
478 1478 582 1539 Ejus
602 1471 868 1522 Parentibus
882 1487 939 1523 ex
959 1487 1082 1524 voto
1108 1487 1437 1537 nuncupatum
1454 1507 1467 1524 ,
1513 1473 1566 1523 δε
1591 1469 1638 1518 in
1661 1485 1837 1524 aeternae
1857 1471 2042 1542 gratitu-

213 1543 335 1595 dinis
345 1546 720 1595 Monumentum
731 1543 946 1593 ereetum
957 1555 1058 1591 tam
1070 1540 1308 1607 splendide
1320 1579 1333 1601 ‚
1381 1557 1429 1591 ut
1441 1541 1639 1590 cernitur
1653 1542 1899 1603 3maxime‚
1925 1543 2041 1596 curn

213 1613 412 1684 idipsum
433 1614 635 1679 recipere
651 1612 870 1664 debuerit
890 1610 1118 1663 denatum
1130 1651 1143 1674 ,
1169 1613 1238 1663 ob
1253 1627 1398 1677 quern
1413 1626 1578 1661 natum
1593 1609 1951 1662 &fundamentis
1963 1629 2043 1664 na·

214 1685 442 1740 scebatur.
512 1685 589 1735 Sic
598 1685 772 1751 quippe
781 1698 940 1734 ortum
955 1697 1135 1750 ponere
1146 1680 1258 1732 huic
1269 1679 1372 1731 Soli
1387 1681 1560 1733 licebat
1571 1678 1619 1728 in
1634 1695 1697 1728 eo
1713 1683 1871 1749 templi
1887 1687 2047 1746 latere,

213 1752 348 1828 quod
366 1758 509 1806 Aram
530 1755 696 1804 saneto
724 1754 843 1804 Patri
863 1753 1057 1803 Sacram
1080 1750 1293 1802 continet
1315 1771 1330 1813 ·,
1380 1749 1497 1799 lnde
1519 1746 1755 1801 deducere
1768 1751 1949 1804 cursum
1967 1768 2050 1820 per

215 1822 476 1880 duodecim
496 1823 625 1896 signa
655 1821 854 1875 zodiaci
875 1822 937 1874 ad
956 1821 1225 1872 inferiorem
1251 1859 1265 1877 ,
1311 1835 1518 1888 eamque.
1545 1819 1815 1889 longiorem
1835 1823 2051 1874 Ecclefiae

214 1911 396 1968 partem
410 1934 422 1957 ,
448 1895 494 1945 in
511 1911 614 1964 quo
628 1893 827 1944 totidem
839 1891 988 1960 spatia
1001 1908 1221 1963 congrua
1235 1890 1547 1959 reperiuntur,
1585 1905 1686 1957 quae
1702 1890 2050 1944 duodenislust-

213 1969 297 2031 ris,
333 1964 399 2016 uti
422 1964 560 2034 signis
580 1963 804 2026 serviant,
842 1978 999 2032 praeter
1027 1963 1100 2013 sex
1116 1969 1286 2018 Arcus,
1317 1963 1372 2015 in
1394 1959 1561 2027 quibus
1585 1959 1797 2013 Heroica
1814 1961 1947 2014 faeta
1972 1979 2051 2032 ap.

214 2037 561 2111 penderentur3
597 2034 744 2085 Lateri
768 2071 780 2091 ‚
810 2034 857 2083 in
890 2049 990 2100 quo
1008 2034 1154 2083 Ortus
1173 2032 1544 2085 constituebatur
1563 2066 1579 2084 ,
1615 2030 1742 2081 aliud
1768 2031 1795 2083 e
1824 2032 2056 2084 diametro

217 2104 503 2178 respondens
528 2144 542 2167 ,
586 2107 639 2159 ὃ(
656 2110 802 2153 Aram
822 2105 1036 2168 Deiparae
1053 2102 1282 2170 praecipue
1297 2140 1312 2164 ,
1346 2103 1532 2166 totique
1552 2099 1702 2151 Sacrae
1721 2101 1893 2154 Christi
1929 2119 2059 2171 pro-

221 2179 354 2246 sapiae
376 2175 600 2227 sacratam
614 2174 866 2226 continens
880 2209 890 2231 ‚
912 2175 1135 2223 occasum
1150 2174 1226 2224 vel
1243 2171 1356 2222 ideo
1372 2169 1600 2236 aptissime
1626 2171 1877 2238 recipiebat
1893 2211 1906 2235 ‚
1929 2169 2061 2241 quod

224 2251 486 2301 subTutela
500 2242 830 2314 gloriofissimae
844 2243 1004 2292 Matris
1015 2241 1208 2311 Virginis
1222 2242 1408 2294 felicem
1421 2239 1683 2289 clausulam
1705 2241 1805 2293 vitae
1821 2241 1901 2292 fibi
1923 2258 2058 2293 tanto

228 2318 397 2372 certius
410 2313 748 2366 Devotillimtis
760 2310 923 2362 Eidem
936 2311 1153 2379 Princeps
1167 2311 1462 2378 promiserat,
1487 2325 1672 2377 quanto
1689 2311 2060 2376 potentissimum

232 2392 336 2452 Ejus
357 2383 609 2455 praestdium
624 2385 670 2432 in
684 2383 776 2432 vita
791 2382 1002 2440 senserat,
1027 2387 1080 2433 ὃζ
1100 2381 1532 2434 mereristuduerar.
1622 2381 1842 2448 Denique
1856 2416 1871 2434 ,
1891 2397 2059 2448 quern·

233 2454 506 2511 admodum
529 2455 694 2504 Solem
725 2451 867 2501 veluti
895 2451 1122 2518 sepultum
1143 2451 1358 2520 fingimus
1381 2486 1395 2502 ,
1442 2447 1560 2498 dum
1587 2449 1633 2498 in
1665 2449 1922 2520 Hypogaeo
1941 2451 2059 2503 deti.

233 2543 367 2582 netur
383 2564 397 2589 ‚
435 2527 496 2575 ita
520 2538 624 2590 pars
644 2522 725 2572 illa
747 2522 940 2586 Templi
965 2559 978 2581 ,
1025 2536 1167 2588 quam
1191 2520 1413 2572 chorum
1438 2557 1450 2577 ‚
1478 2522 1530 2571 ὃ(
1548 2519 1886 2585 Presbyterium
1911 2523 2059 2592 vulgo

236 2596 546 2651 nominamus
571 2629 586 2646 ,
632 2595 686 2646 ὅτ
708 2595 807 2641 Ara
833 2590 1049 2640 Maxima
1072 2629 1085 2653 ,
1135 2608 1193 2644 ac
1217 2588 1518 2641 Eucharistici
1551 2590 1770 2641 Numlnls
1796 2593 2061 2644 Sacrarium

238 2681 450 2735 occupat
475 2700 488 2714 .
536 2662 694 2713 servite
715 2659 876 2711 debuit
893 2661 1060 2710 ultimae
1081 2661 1347 2712 conditioni
1375 2659 1629 2727 Allegorici
1651 2659 1835 2712 SOLIS
1877 2664 2020 2713 nostri
2047 2702 2062 2725 ‚

242 2754 394 2810 quam
414 2736 518 2804 post
538 2731 782 2783 Occasum
792 2733 979 2781 obtinet
995 2768 1008 2792 ‚
1045 2746 1209 2796 utpote
1224 2733 1270 2781 in
1286 2746 1380 2798 qua
1399 2729 1614 2779 tumulari
1628 2730 1782 2780 voluit
1796 2767 1810 2785 ,
1842 2727 2065 2801 diemque

242 2811 374 2861 illam
402 2803 638 2874 exspetstat
656 2836 675 2857 2
732 2817 829 2870 qua
863 2801 1096 2873 resurgere
1116 2801 1247 2853 fuerit
1263 2802 1394 2867 julius
1414 2798 1475 2848 ad
1500 2799 1925 2853 immarcessibilem
1945 2805 2063 2874 glo-

241 2895 372 2932 nam.

361 2948 658 3016 Argumento
678 2943 738 2993 ita
759 2942 1235 3010 quadripartitojuxta
1250 2955 1473 3010 quaterna
1496 2942 1656 3008 templi
1669 2942 1809 3009 spatia
1824 2980 1841 3004 ,
1875 2947 1927 2997 ὃ(
1943 2944 2068 2996 Solis

247 3019 411 3072 diurna
431 3029 681 3081 tempora3
718 3013 943 3081 Qatuot
959 3013 1080 3062 illius
1104 3012 1270 3074 Ortui,
1294 3018 1345 3065 oc
1372 3026 1597 3081 quaterna
1617 3012 1826 3064 Occasui
1846 3016 2065 3082 symbola

246 3105 361 3143 cum
374 3083 612 3155 suppositis
627 3084 1009 3151 lnlcriptionibus
1031 3081 1288 3143 dabantur;
1309 3080 1534 3134 duodena
1554 3083 1782 3143 Meridiei,
1807 3085 1881 3134 seu
1893 3086 2066 3135 Zodia.

246 3176 313 3217 co
338 3196 355 3228 ,
379 3156 644 3216 &Getona
659 3155 906 3223 quiescenti
929 3155 976 3204 in
1000 3155 1187 3204 tumulo
1202 3189 1217 3215 ‚
1256 3168 1344 3202 ceu
1368 3156 1614 3221 nocturno
1640 3155 1856 3222 tempori.
1954 3156 2069 3205 bin-

1877 3224 1997 3296 gulis
