2325 3675
884 281 1060 339 ξὲἓὲἓ
1116 289 1158 340 )(
1186 282 1244 341 ffl
1269 283 1312 338 )(
1371 284 1547 342 RQ&

349 440 352 444 .
371 397 452 451 cio
467 394 661 451 sistinon
673 409 919 464 competat
941 396 1075 448 illum
1097 434 1116 453 ,
1146 398 1221 455 cui
1240 398 1457 451 nondum
1471 401 1657 468 patescit
1671 442 1686 468 ,
1715 404 1948 459 Mavortis
1959 407 2072 455 Gra.

377 469 470 519 divi
484 469 690 529 dicatur,
729 465 823 516 five
835 469 994 516 Martis
1004 467 1187 534 Quirini
1200 475 1273 521 vel
1288 476 1510 532 Nomen,
1525 475 1601 523 vel
1615 475 1800 530 sortem,
1822 491 1902 526 aut
1916 474 2068 527 fatum

375 552 649 608 congruere.
721 534 816 587 Sed
828 536 1031 602 parcite,
1067 539 1247 606 quaeso,
1271 538 1575 610 &indulgete
1592 543 1764 595 tristato
1784 585 1797 608 ‚
1832 561 1893 596 ne
1908 544 2070 595 dicam

374 604 620 675 indignato
639 604 859 656 nonnihil
880 609 935 659 ὃ(
955 623 1156 660 rernorae
1177 609 1356 675 injedrae
1383 649 1397 673 ,
1443 615 1498 665 δε
1524 612 1720 665 admissae
1741 611 2022 666 dubitationi
2056 626 2070 662 ε

373 690 625 744 utrumque
640 674 813 727 diluere
829 672 861 724 fi
875 677 1044 734 praevie
1067 680 1264 748 cogitis,
1291 696 1550 748 antequam
1564 682 1719 733 ordi-ar
1730 723 1744 748 ,
1780 702 1883 735 non
1891 696 2071 736 tantum

371 744 638 804 discussum,
672 743 749 797 sed
765 746 898 798 clare
912 746 1200 800 cernendum
1217 788 1233 813 ,
1263 752 1753 818 utrumquehabeatis.

477 886 686 940 Etvero:
724 886 864 958 quarn
878 888 966 940 erit
978 887 1199 960 exiguum
1215 908 1366 952 onus;
1413 890 1559 962 quam
1582 912 1683 947 non
1706 891 1868 965 magni
1889 892 2068 945 laboris

368 970 489 1022 opus
503 956 551 1007 in
579 960 743 1009 nostro
761 962 960 1022 Heroe,
1008 963 1062 1014 ὃ(
1080 964 1295 1013 Heroum
1312 964 1358 1014 in
1380 965 1587 1033 Principe
1606 966 1901 1017 sacratiorem
1919 1000 1934 1017 ,
1959 964 2069 1029 quia

367 1024 477 1076 vete
499 1026 816 1079 Christianum
840 1065 856 1084 ‚
890 1032 944 1084 ὃ(
958 1033 1196 1099 Magnum
1218 1069 1232 1093 ‚
1279 1034 1390 1101 quia
1407 1041 1573 1083 Boicum
1589 1041 1783 1085 Martem
1796 1032 2068 1104 agnoscere,

370 1093 405 1144 st
427 1096 587 1146 Genus
602 1135 616 1159 ,
648 1101 703 1152 ὅ(
721 1113 909 1159 ortum,
948 1101 1183 1161 Genium,
1204 1106 1257 1156 ἃ
1273 1105 1400 1173 gesta
1415 1141 1429 1159 ,
1468 1112 1642 1157 Munus
1656 1144 1670 1168 ,
1693 1111 1746 1160 δε
1765 1101 2063 1157 connubium

366 1163 501 1216 haud
511 1166 739 1235 utrimque
751 1168 946 1235 disparia
965 1169 1349 1236 perpendamus?
1385 1173 1514 1225 fue-rit
1529 1176 1671 1227 Marti
1685 1174 1744 1226 de
1755 1175 1887 1225 coelo
1903 1187 2067 1242 genus,

367 1233 590 1305 ortusque
603 1234 662 1287 de
684 1240 951 1290 N-uminum
967 1241 1184 1290 maximo
1197 1279 1212 1303 ,
1232 1248 1285 1295 oc
1307 1249 1381 1295 vel
1400 1250 1670 1315 progenitus
1689 1251 1809 1307 Jove
1823 1242 2037 1295 credatur
2047 1275 2075 1295 ,.

366 1309 443 1355 vel
470 1306 566 1355 iola
580 1322 715 1357 natus
729 1313 915 1371 Junone
929 1346 942 1369 ‚
980 1309 1211 1363 beneficio
1223 1312 1392 1368 Florae,
1417 1332 1516 1383 quae
1529 1316 1650 1366 floris
1662 1313 1858 1365 mirandi
1876 1313 1933 1360 de
1949 1325 2071 1364 con.

365 1377 499 1425 tat‘ru
523 1379 886 1444 concipiendum
907 1378 1103 1434 edocuit
1119 1419 1133 1442 ,
1158 1385 1211 1436 ὃ(
1226 1397 1515 1451 conceptum
1536 1386 1649 1436 vidit
1664 1384 1855 1434 'feliciter
1870 1382 2069 1437 editum.

364 1443 570 1496 Dentur
584 1454 775 1499 siartern
791 1449 1010 1501 bellicosa
1016 1451 1262 1517 praeditum
1276 1455 1440 1505 indole
1454 1490 1469 1508 ,
1504 1454 1710 1522 toto'que
1726 1469 1909 1520 raptum
1926 1451 1986 1501 ad
2003 1466 2069 1501 ar.

362 1529 444 1572 ma
468 1517 611 1584 genio
635 1517 828 1581 nupsrsse
853 1522 1011 1572 Neriae,
1048 1536 1151 1587 quae
1166 1527 1380 1570 virtutem
1407 1524 1541 1575 sonat
1571 1564 1585 1586 ,
1606 1539 1664 1574 ac
1683 1523 1811 1571 robur
1831 1558 1845 1576 ,
1865 1521 2068 1588 issdffque

363 1599 594 1654 magnum
619 1586 664 1635 in
679 1587 916 1640 Praefidem
935 1628 951 1653 ,
989 1590 1064 1640 vel
1091 1595 1283 1642 Numen
1311 1593 1499 1646 evasisse
1522 1595 1785 1654 bellorum,
1824 1608 1926 1660 quae
1948 1608 2065 1641 nun·

361 1668 509 1722 quam
531 1656 662 1723 gestit
675 1659 798 1709 irato
824 1663 1018 1711 Parente
1039 1697 1052 1721 ,
1087 1677 1332 1729 nunquam
1349 1680 1460 1717 cum
1477 1659 1808 1727 Joviseffensa.
1884 1663 2066 1713 Nostro

359 1727 584 1793 protecto
598 1726 818 1780 Heroum
832 1730 1023 1800 Principi
1043 1744 1143 1781 non
1161 1731 1283 1782 aliud
1304 1731 1451 1784 fuerat
1471 1773 1484 1796 ‚
1520 1735 1664 1801 quam
1684 1749 1829 1804 genus
1844 1734 1902 1782 de
1920 1732 2065 1784 caelm

362 1794 589 1866 ortusque
607 1795 666 1847 de
685 1799 902 1851 Numinis
920 1799 1058 1853 dono
1079 1837 1093 1858 .
1135 1798 1465 1855 Patrocinante
1481 1804 1739 1858 Thienaeo,
1775 1805 1852 1868 qui
1878 1813 2061 1866 magnae

365 1865 548 1916 Parenti
563 1875 589 1929 ,‘
616 1868 727 1936 quia
739 1884 984 1938 concepto
1006 1872 1207 1942 gravidae
1222 1889 1370 1928 voro,
1409 1874 1690 1924 steriiitatem
1706 1869 1907 1922 detersit,
1927 1882 2060 1941 opta-

360 1948 405 1983 t<
415 1950 557 2002 mque
579 1936 922 1992 faecunditatem
942 1941 1140 1991 obtinuit
1158 1941 1432 2008 prodigioso
1445 1941 1501 1988 de
1515 1942 1660 1993 flore,
1683 1953 1825 2005 quem
1852 1934 2057 2001 sumpse-

360 2017 430 2052 rat
442 2003 504 2053 ab
518 2005 647 2055 altari
668 2029 680 2062 3
717 2022 1010 2074 quamquam
1030 2005 1090 2057 eri
1111 2021 1303 2075 quoque
1319 2009 1377 2058 de
1387 2008 1527 2073 stirpe
1540 2020 1796 2073 prognatus
1808 2006 2053 2065 habeatur,

355 2084 459 2139 quae
484 2087 656 2141 ngna
682 2072 797 2126 inter
820 2077 1031 2146 augustas
1054 2102 1066 2134 ς
1115 2092 1328 2127 coronas
1353 2075 1534 2143 Imperii
1558 2072 1731 2137 gestare
1749 2088 1850 2125 non
1878 2074 2060 2127 minus,

357 2155 507 2207 quarn
521 2142 764 2206 imponere
780 2159 920 2204 nata;
957 2143 1142 2194 nonnisi
1162 2149 1346 2196 Heroas
1364 2181 1380 2199 .
1416 2145 1628 2196 Davides
1649 2181 1665 2206 ,
1690 2148 1733 2192 8<
1747 2144 2058 2197 Salomones,

359 2223 610 2276 procreare
624 2209 877 2268 consueta3
903 2209 962 2263 de
974 2212 1191 2262 nstinerva
1206 2217 1282 2265 ,δι
1305 2213 1500 2264 Pallade
1514 2251 1529 2274 ,
1545 2215 1603 2265 de
1630 2215 1810 2268 tauris,
1831 2217 1883 2267 ὅ(
1897 2215 2024 2264 Olea
2038 2249 2053 2270 .

357 2279 417 2329 de
442 2276 671 2332 virtutibus
694 2278 882 2330 summis
900 2317 913 2340 ,
951 2281 1178 2348 fastisque
1199 2281 1431 2350 stupendis
1447 2299 1691 2353 nunquam
1713 2301 1812 2335 non
1828 2282 2053 2339 maxima.

362 2348 653 2419 Qsautem
670 2350 877 2419 ambigat
887 2349 1183 2420 generosiore
1201 2352 1443 2418 praeditum
1459 2354 1849 2425 genio,bellr'sque
1872 2365 2053 2413 natum,

358 2434 433 2468 cur
448 2419 624 2469 fuerant
647 2432 777 2469 arma
792 2422 911 2470 inter
923 2420 1169 2487 crepundia
1185 2461 1199 2484 ‚
1216 2439 1367 2492 equos
1386 2421 1586 2476 domare
1600 2425 1715 2475 inter
1737 2424 1922 2476 delicias
1935 2459 1951 2482 ,
1969 2437 2052 2489 pa-

356 2490 519 2540 laestras
535 2502 703 2539 amare
718 2487 831 2538 inter
854 2492 1067 2557 praeludia
1080 2499 1104 2545 ’ἐ
1139 2499 1229 2559 Qui
1252 2493 1424 2546 militiae
1443 2493 1703 2545 rudimenta
1723 2494 1941 2545 victorias
1964 2507 2052 2559 po·

355 2561 468 2622 suit,
504 2561 751 2609 Veteranuu
780 2557 840 2608 de
853 2563 1009 2623 peritia
1024 2600 1036 2619 ,
1076 2576 1330 2631 antequam
1349 2577 1454 2632 tyro
1469 2601 1482 2624 ‚
1498 2564 1688 2616 vincere
1704 2563 1890 2615 docuit,
1906 2563 2051 2628 prius-

354 2644 501 2693 quam
528 2625 750 2680 didicerat
771 2667 785 2690 ,
813 2631 997 2682 meliori
1023 2633 1182 2695 Nerion,
1228 2634 1335 2700 quia
1353 2632 1496 2681 robori
1522 2633 1737 2684 {strictiori
1756 2670 1770 2692 ,
1805 2632 2050 2696 Virtutz‘quc

356 2699 668 2750 Heroicarurn
685 2699 900 2752 maximae
911 2699 1103 2767 nupfisse
1115 2705 1214 2770 quis
1228 2703 1437 2756 dubitet?
1472 2703 1638 2768 Quem
1651 2719 1753 2753 non
1765 2702 1822 2752 ad
1842 2701 2050 2752 hostium

351 2767 694 2818 tantummodo
719 2765 926 2835 damna,
952 2771 1030 2823 sed
1062 2772 1334 2839 stuporem;
1367 2773 1427 2825 ad
1451 2772 1628 2824 beilicae
1646 2772 1923 2823 fortitudinis
1945 2786 2044 2819 non

348 2836 500 2888 solum
520 2836 709 2889 laudem
735 2877 749 2900 ‚
771 2838 847 2889 sed
865 2843 1130 2907 exemplam
1172 2846 1226 2897 ὃ(
1248 2856 1462 2895 nontam
1488 2841 1547 2892 ad
1566 2842 2045 2894 comm-:rndatio‘nem

348 2906 550 2958 militaris
580 2906 857 2969 Prudentiae,
895 2910 1038 2977 quam
1059 2913 1336 2966 miraculum
1361 2952 1375 2976 ‚
1412 2913 1604 2982 agmina
1630 2912 1802 2964 duxisse
1817 2911 1930 2962 vidit
1947 2911 2040 2957 Eu-

348 2988 471 3035 1002
501 3016 515 3040 ‚
553 2981 603 3030 ἃ
633 2980 798 3029 mirata
819 2980 883 3029 est
909 2979 1050 3032 Asia:
1085 2982 1231 3046 Cujus
1251 2983 1420 3036 Virtuti
1450 2982 1580 3033 nulla
1606 2981 1752 3033 fuerat
1774 2979 1899 3031 invia
1925 2978 2000 3029 via
2025 2996 2042 3038 ς

349 3044 427 3110 qui
445 3046 785 3099 transuadando
804 3063 901 3100 tam
925 3050 1087 3118 suppar
1106 3054 1218 3102 Salo
1243 3091 1258 3116 ‚
1292 3051 1434 3122 quam
1455 3053 1557 3101 solo
1583 3050 1821 3108 tenendo;
1857 3063 2039 3099 cuneos

351 3113 486 3173 aque
505 3132 791 3183 perrumpere
812 3156 826 3180 ,
853 3134 910 3168 ac
931 3120 1150 3170 exercitus
1166 3122 1357 3173 sternere
1375 3121 1537 3172 dossus
1557 3140 1573 3182 3
1605 3121 1727 3190 Quo
1757 3120 1972 3191 Magistro
1991 3119 2039 3167 in

346 3185 710 3259 Arcnuttategos
732 3187 919 3243 evasere
940 3204 1014 3241 tot
1025 3189 1250 3261 Principes
1265 3230 1280 3258 ,
1319 3193 1503 3262 magnis
1528 3191 1636 3262 §ein
1652 3191 1866 3262 vicaonis·
1889 3186 1998 3264 clati
2017 3223 2033 3249 ,

1896 3275 1963 3313 rn-
