2325 3675
862 253 1040 310 {fflffi
1099 251 1288 310 uffo<
1342 255 1516 312 ξὲἑῑὲἓὲ

348 387 441 431 ne,
476 369 555 424 vel
576 366 696 421 odio
707 367 931 435 Principis
949 406 966 430 ,
1010 384 1157 436 quem
1181 386 1283 420 non
1307 370 1518 424 latebant
1544 370 1807 423 animarum
1831 374 2040 426 maxima

348 440 549 503 damna,
590 437 872 491 Demollitio
891 441 1036 491 vineae
1052 439 1274 502 Domini,
1308 442 1488 496 &sanae
1497 444 1755 509 corruptela
1770 443 2010 496 Doctrina:
2024 483 2039 507 ,

349 516 430 563 ubi
447 508 649 575 vulpibus
663 506 752 558 istis
763 525 863 557 non
882 507 1169 577 praecluditur
1192 509 1370 574 aditus,
1388 511 1605 571 miretur,
1626 511 1826 581 quisquis
1844 518 2041 565 voluerit

354 580 507 636 stricto
519 577 695 643 semper
705 576 866 628 stetisse
882 579 1051 649 gladio
1062 580 1408 642 ,ut,Cherubini
1424 580 1483 631 de
1495 584 1940 642 more,commissum
1956 581 2041 633 sibi

351 646 625 702 Paradisum
649 661 882 699 tutaretur.
958 650 1385 719 Mireturillum‚qui
1400 666 1601 701 noverat
1615 652 1793 719 optime
1823 689 1836 707 ,
1860 658 2044 720 quantis

353 721 515 786 injuriis
531 717 633 768 hoc
649 716 905 770 hominum
929 736 1078 790 genus
1100 722 1324 788 mysteriis
1349 722 1460 771 meis
1484 722 1693 773 insultare
1716 722 2003 775 consueverit
2025 765 2039 789 ‚

351 791 491 859 quam
503 783 718 858 sacrilega
739 803 886 856 manu
909 794 1030 842 sacra
1051 791 1159 841 vasa
1174 792 1364 857 diripere
1379 829 1392 853 ,
1420 792 1596 842 violare
1616 798 1792 857 templa
1806 826 1820 844 ,
1845 797 2048 859 expilare

349 858 540 911 sacraria
561 897 576 921 ‚
621 856 833 926 Dedque
863 863 1060 912 sacratas
1082 862 1127 911 in
1152 865 1374 912 Personas
1397 861 1689 914 debacchare
1711 879 1811 915 non
1837 864 2046 918 desinatz

349 929 560 990 Miretur,
583 929 810 995 inquam,
830 933 964 999 quod
982 932 1339 983 abominatione
1358 932 1680 991 laudanda,&
1700 934 1912 1004 perfeeto
1928 935 2048 987 odio

351 999 505 1051 oderit
524 1000 629 1050 illos
644 1037 658 1059 ,
693 1014 816 1066 quos
835 1018 927 1054 vos
944 1018 1136 1070 quoque
1157 1001 1311 1053 soleris
1335 1004 1474 1053 odisse
1498 1039 1511 1056 ,
1537 1009 1567 1057 ὂ
1588 1007 1743 1074 Superi
1765 1015 1778 1059 ξ
1812 1005 2048 1074 Quonam

350 1070 486 1140 igitur
504 1068 657 1119 modo
678 1073 754 1119 vel
778 1087 913 1123 noxae
937 1089 1183 1139 propterea
1202 1090 1330 1124 reum
1352 1111 1365 1132 ,
1395 1080 1469 1125 vel
1495 1075 1689 1144 dignum
1710 1093 1854 1146 poena
1882 1077 2052 1127 censeri

353 1139 647 1209 permittam,
683 1142 763 1206 qui
789 1140 1116 1210 vituperandus
1132 1142 1299 1204 fuisset,
1336 1142 1395 1203 st,
1416 1144 1529 1194 cum
1549 1162 1735 1206 poterat
1753 1149 1918 1213 exequi
1939 1181 1953 1198 ,
1980 1147 2044 1197 di-

353 1212 465 1263 vina
481 1208 745 1279 neglexisset
760 1211 954 1279 imperia
976 1249 992 1267 ,
1029 1229 1128 1281 quae
1150 1214 1387 1265 vindicem
1411 1215 1501 1264 mei
1525 1252 1539 1274 ,
1569 1221 1621 1271 ἃ
1645 1218 1926 1280 Adjutorem
1944 1214 2054 1267 fide-

357 1281 455 1331 lem
480 1281 658 1346 semper
683 1283 982 1332 constituunt.
1052 1284 1289 1348 Quinimo
1312 1304 1326 1346 ;
1363 1286 1557 1352 lpsamet
1572 1303 1666 1356 ego
1693 1287 1722 1336 li
1747 1287 1955 1336 stimulos
1976 1286 2054 1338 ad·

354 1349 452 1401 didi
470 1354 532 1400 ad
547 1352 647 1401 haec
661 1349 784 1401 bella
801 1353 1000 1422 gerenda
1017 1391 1031 1413 ,
1054 1353 1114 1403 ad
1127 1357 1271 1406 castra
1285 1354 1528 1406 movenda
1542 1391 1558 1409 ,
1593 1362 1646 1409 δε
1671 1358 1861 1426 agmina
1876 1370 2054 1423 cogen-

356 1419 450 1482 da,
477 1421 710 1488 nunquid,
735 1420 924 1490 ficulpa
939 1422 1110 1482 fuisset,
1139 1425 1239 1475 baec
1253 1440 1359 1475 mea
1383 1425 1584 1477 dicenda
1606 1425 1630 1481 ’ἔ
1678 1425 1882 1484 lztvere,
1922 1428 2053 1496 hgm

356 1494 464 1560 kgo
492 1489 569 1539 illa
589 1489 758 1541 eadem
784 1492 848 1543 fui
864 1530 877 1552 ‚
920 1509 1019 1560 quae
1037 1494 1373 1560 adaptaveram
1390 1511 1519 1545 arma
1543 1535 1556 1557 ,
1596 1499 1792 1562 imposui
1810 1494 2054 1551 callidem,

359 1559 567 1629 praecinxi
598 1560 793 1628 gladic),
830 1563 1068 1613 classicum
1088 1564 1273 1616 ceciniz
1307 1568 1411 1634 Ego
1436 1604 1449 1627 ‚
1502 1582 1601 1632 quae
1623 1567 2054 1636 suggelliconlrlra,

355 1632 577 1682 roboravi
601 1632 816 1687 brachia,
855 1649 1062 1684 mentem
1085 1633 1287 1688 firmavi,
1324 1635 1624 1705 omnemqte
1646 1653 1758 1687 cum
1782 1639 1863 1686 iiso
1894 1639 2061 1688 armari

357 1709 613 1753 volueram
638 1718 896 1753 creaturam
923 1720 1009 1754 vos
1023 1718 1188 1754 contra
1217 1705 1494 1757 insensatos:
1541 1710 1577 1757 ls
1605 1708 1717 1776 ergo
1739 1706 1999 1774 culpandur
2020 1705 2056 1759 st

353 1769 502 1833 foret,
540 1786 705 1824 contra
720 1772 992 1825 rneferenda
1005 1774 1110 1824 esset
1127 1772 1367 1830 sententia,
1394 1792 1472 1827 me
1492 1779 1620 1829 luere
1641 1775 1828 1845 potius,
1852 1777 2069 1845 quamn-v

355 1840 456 1893 lum
481 1857 691 1908 oportet.

467 1915 566 1963 Vos
578 1915 691 1965 veto
713 1914 791 1982 qui
812 1915 940 1967 estis?
965 1931 1085 1981 quos
1104 1912 1252 1965 rubor
1263 1930 1366 1963 non
1377 1928 1605 1978 occupat,
1629 1911 1946 1963 Christiadum
1957 1913 2058 1963 san.

358 1979 550 2050 guinem
571 1983 630 2033 ad
654 1984 868 2032 Rhenum
881 1991 952 2032 vel
977 1985 1137 2031 Istrum
1158 1985 1211 2033 ὃ(
1238 1980 1433 2030 flumina
1456 1981 1620 2049 quaevis
1635 1985 1899 2032 Germaniae
1922 1981 1968 2030 in
1984 1981 2056 2032 his

362 2051 494 2100 bellis
510 2051 754 2115 prosusum
767 2088 782 2110 ,
817 2050 864 2100 in
887 2050 1015 2101 hunc
1030 2054 1222 2098 Martem
1247 2050 1473 2100 versantes
1494 2061 1511 2101 .>
1544 2049 1724 2100 Siccine
1738 2050 1937 2101 redditur
1955 2067 2050 2102 mae

360 2118 461 2167 lum
483 2132 570 2180 pro
589 2120 726 2167 bono
751 2119 772 2167 ἓ
808 2124 861 2173 δι
877 2135 1000 2186 quos
1016 2118 1293 2170 Auxiliatore
1309 2117 1521 2169 fidissimo
1539 2155 1553 2173 ,
1593 2116 1903 2172 domesticum
1919 2135 2059 2173 com·

359 2183 566 2237 modurn
581 2187 759 2248 semper
779 2188 1118 2250 posthabente,
1142 2189 1272 2237 laetos
1285 2189 1447 2251 perfrui
1469 2188 1686 2256 contigit,
1718 2189 1762 2238 in
1788 2192 1917 2254 hujus
1929 2206 2057 2242 nunc

364 2261 563 2322 jurantes
579 2252 826 2322 perniciem
839 2256 935 2303 Vos
955 2252 1116 2320 Superi
1142 2253 1360 2316 audiant,
1399 2272 1461 2306 an
1486 2257 1641 2320 potius
1661 2259 1898 2325 perdant?
1930 2263 2051 2327 Quis

363 2341 525 2377 autem
547 2323 745 2375 noxium
767 2322 895 2373 dicat
916 2324 1079 2388 majori
1093 2324 1267 2390 semper
1286 2325 1611 2377 moderamine
1623 2330 1786 2379 damni
1804 2332 1901 2381 vim
1926 2350 1972 2382 vi
1993 2348 2063 2381 re..

364 2392 659 2464 pellentem?
686 2391 791 2461 quis
808 2393 1062 2461 congenita
1076 2399 1204 2457 juta,
1247 2400 1299 2448 ὃ(
1316 2396 1575 2448 libertatem
1590 2397 1831 2450 indubiam
1847 2439 1861 2462 ‚
1887 2402 2058 2468 propri-

364 2464 542 2533 amque
553 2470 772 2514 Domum
794 2467 846 2517 ὃ(
860 2463 1132 2533 sanguinem
1156 2465 1267 2514 tueri
1280 2466 1581 2534 cupientem?
1616 2472 1846 2521 Mearum
1859 2486 2054 2539 quoque

367 2533 676 2602 hocpartiurn
690 2534 755 2583 est
768 2537 949 2598 jubere,
987 2549 1036 2583 ut
1048 2536 1174 2586 illaesa
1187 2537 1526 2604 cuiusqueJura
1539 2536 1789 2599 serventur,
1827 2541 2053 2607 quemad.

367 2604 570 2656 modum
595 2619 750 2656 vetare
769 2643 784 2665 ,
827 2619 888 2655 ne
900 2619 1030 2654 certo
1043 2603 1126 2654 suo
1138 2617 1238 2671 jure
1263 2621 1442 2658 utentes
1456 2606 1853 2660 criminationibus
1876 2611 2059 2662 submit·

369 2688 521 2725 tantur
535 2677 596 2725 ab
615 2673 688 2733 iis,
726 2674 806 2742 qui
825 2674 1054 2725 versantur
1072 2674 1120 2724 in
1132 2674 1295 2738 dubie,

470 2747 526 2794 Et
542 2744 900 2812 quamdenique
925 2745 1029 2797 Vos
1044 2745 1386 2798 interhomines
1409 2761 1489 2798 aut
1510 2747 1688 2798 summe
1707 2750 1958 2805 temerarii,
1978 2767 2059 2805 aut

368 2812 536 2867 facto,
571 2817 959 2868 utiureinlames,
1000 2831 1091 2866 vos
1109 2831 1224 2882 puto
1241 2814 1508 2870 homicidas
1533 2855 1546 2878 ‚
1579 2822 1810 2874 latrones,
1845 2835 2060 2885 raptores

371 2887 425 2936 ἃ
437 2883 768 2935 malefactores
778 2899 1124 2953 quoscumque,
1144 2902 1288 2955 quam
1300 2887 1647 2939 accusationem
1661 2889 1830 2940 allertis
1846 2890 2057 2941 adversus

372 2954 638 3021 Principem
657 2954 827 3003 istum?
873 2960 960 3014 An,
986 2955 1117 3024 quod
1131 2955 1276 3008 nimia
1298 2957 1350 3007 fit
1363 2958 1463 3008 usus
1474 2955 1767 3020 Clementia,
1798 2958 1910 3009 dum
1926 2959 2062 3010 vobis

373 3019 528 3079 deb-ra
539 3023 755 3089 supplicia
779 3023 1038 3092 mitigavit?
1088 3033 1160 3076 An
1176 3063 1190 3086 ,
1227 3027 1357 3095 quod
1374 3042 1432 3078 ea
1447 3025 1575 3078 haud
1590 3030 1744 3078 hilaris
1757 3028 1830 3080 die
1850 3031 1940 3080 esse
1959 3044 2059 3095 po,

377 3104 534 3159 tuerit,
564 3094 658 3163 qua
683 3094 874 3147 feralem
895 3096 942 3147 in
956 3112 1041 3152 vos
1058 3096 1235 3149 firmare
1251 3097 1520 3150 sententiam
1548 3100 1840 3168 cogebatur,
1865 3102 1938 3151 vix
1976 3114 2064 3150 un·

1844 3185 1990 3239 quam
