2325 3675
349 236 635 345 Magno
649 245 846 323 enim
863 274 1043 323 vero
1071 245 1373 354 Proregi
1392 248 1678 339 futur0‚
1704 257 1775 325 ὃ(
1791 247 2026 326 Mem-

227 341 494 446 phitiei
521 415 541 441 ,
570 372 654 428 ut.
686 349 1108 430 vertebatur
1131 355 1427 461 Josephi
1455 354 1758 433 Nomen
1787 353 2024 431 &Pha-

226 477 454 526 raone
481 518 498 548 ,
518 465 885 542 servatori
917 459 1182 539 Mundi
1212 460 1264 536 fi
1293 463 1588 541 summae
1615 461 1828 564 hujus
1842 461 2020 537 Glo-

223 557 346 630 riae
374 557 727 665 praesagio
754 561 987 642 fuerat
1012 566 1249 643 visusa
1266 567 1419 647 filio
1432 567 1560 645 sub
1577 567 1758 652 Solis
1784 566 2016 671 figura

223 659 467 755 Pater,
500 667 1054 747 venerabundus
1077 676 1425 774 majorem
1449 674 1744 752 Parente
1762 698 2014 751 natum

219 765 536 849 futurum
569 802 582 846 :
641 777 781 874 jam
809 804 966 853 non
995 776 1122 854 sub
1147 807 1360 856 aurea
1385 780 1707 858 Cortina
1732 780 2014 856 locutus

218 875 522 975 Apollo,
544 879 661 954 sed
690 894 1253 963 SERENISSIMUS
1289 897 1450 964 IPSE
1487 910 1836 992 tanquam
1853 898 2014 963 SOL

216 986 431 1058 toties
468 993 960 1062 SERENITATI
999 991 1203 1058 TUAE
1244 992 1790 1069 ELECTORALI
1824 993 2011 1071 visus

217 1097 607 1171 GENlTOR
635 1154 653 1177 ,
717 1111 932 1194 atque
972 1117 1049 1164 m
1092 1088 1202 1167 his
1232 1096 1517 1198 paginis
1554 1099 1814 1175 iterat&
1843 1112 2008 1179 Τι’ΒΙ

211 1224 568 1298 apparens
597 1197 685 1272 ad
716 1195 1068 1272 summum
1102 1200 1243 1298 jam
1284 1201 1713 1281 tendentem
1755 1206 2006 1284 Glori-

209 1329 327 1378 am
354 1312 603 1380 TUAM
627 1330 1000 1408 nunquam
1030 1330 1187 1379 non
1205 1309 1463 1408 majori
1478 1312 1881 1414 augendam
1899 1318 2003 1391 in-

207 1434 586 1485 cremento
602 1409 987 1513 praesignat
1000 1472 1021 1500 ,
1040 1438 1173 1487 ceu
1186 1410 1439 1489 Gloria
1456 1415 1753 1518 plenum
1770 1422 1998 1524 Opus.

209 1513 307 1590 Et
324 1515 470 1589 hoc
503 1518 729 1618 ipsum
756 1544 792 1592 e
808 1517 863 1589 st
881 1580 899 1604 ,
922 1518 1144 1620 quod,
1161 1545 1328 1593 cum
1348 1521 1576 1597 Patria
1591 1547 1772 1614 tota,
1805 1549 2000 1604 totus

199 1643 459 1712 vovet,
480 1641 548 1695 6<
568 1648 934 1726 nunquam
956 1621 1313 1697 cessaturis
1339 1630 1533 1701 votis
1559 1632 1595 1703 ἐ·
1622 1630 1826 1706 coelo
1840 1662 1997 1735 pre„

202 1752 400 1803 catur
419 1736 964 1805 ELECTORALl
992 1736 1492 1808 SERENITATI
1516 1746 1716 1812 TUAE
1739 1736 1997 1826 humil,

197 1833 366 1909 lime
413 1834 685 1908 dicatus
728 1829 1192 1909 Clericorum
1239 1829 1701 1937 Regularium
1731 1843 1951 1920 Ordo
1974 1886 1996 1943 ς

202 1941 368 2017 Hoc
385 1938 716 2045 est,quod
734 1936 1023 2014 infimus
1040 1965 1181 2042 ego
1195 2002 1214 2028 ,
1236 1965 1368 2014 ceu
1384 1939 1723 2038 futurum,
1745 1948 1995 2028 firmis-

205 2045 370 2121 stme
398 2070 619 2122 teneo
638 2109 657 2134 ‚
677 2044 1042 2148 auspicor,
1077 2054 1666 2157 &vove0‚atque
1686 2080 1765 2131 ut
1792 2056 1996 2136 fove-

199 2180 273 2225 re
303 2154 622 2254 digneris
636 2149 1232 2228 Clementissimo
1249 2152 1511 2232 obtutu
1525 2162 1995 2258 provolutum

204 2286 364 2331 eum
381 2256 626 2330 Oblata
648 2256 874 2354 opella
906 2257 993 2329 ad
1028 2258 1182 2331 PED
1194 2285 1267 2329 fis
1288 2258 1340 2330 Τ
1346 2289 1477 2335 uos
1503 2266 1990 2347 demississime

201 2362 470 2462 supplex
500 2388 690 2463 rogo

321 2578 1101 2754 ELECTORTfflfss
1147 2579 1876 2682 SERENITATIS

1391 3238 1587 3300 Iosephus
1598 3243 1814 3299 cajetanus
1827 3249 1972 3299 Khuen

1509 3298 1605 3339 Cler.
1615 3302 1705 3352 Reg.
