2325 3675
378 382 395 417 „
776 335 918 398 sunt
948 379 968 404 ‚
1012 338 1213 399 amice
1245 336 1499 406 Lector,
1528 362 1666 423 quae
1687 341 1921 402 fuerant
1953 361 2078 403 ccr-

383 408 396 488 {
437 416 563 466 ’,ζ
660 417 815 470 nenda
827 420 917 483 ,δε
937 419 1166 484 legenda,
1191 419 1583 476 festinatolabore
1602 421 1838 495 exposita,
1870 427 1985 475 dum
2007 424 2075 474 so·

390 531 392 535 -
429 490 523 508 ⁷
623 489 627 491 ’
663 490 826 540 lennes
841 491 1053 559 exequiae
1068 491 1457 547 celebrabantur:
1499 493 1753 548 defiderata
1769 495 1892 545 fuiffe
1905 495 2073 560 plura,

374 554 392 595 -ἶ
443 556 451 600 ἰ
478 579 480 581 ·
603 561 622 603 'f
659 558 872 627 irreplisse
894 561 1185 612 scribentium
1213 561 1508 617 festinatione
1529 581 1697 616 errores
1722 567 1945 633 plurimos
1970 600 1987 619 ,
2022 567 2075 617 &

372 628 708 694 expectationi,
720 629 783 679 uti
795 630 962 682 merito
975 629 1196 699 Principis
1211 635 1326 686 tanti
1338 653 1438 686 non
1460 635 1643 687 fafflum
1655 635 1777 687 suille
1791 637 1891 686 latis
1905 671 1919 696 ‚
1942 632 2074 686 haud

370 697 671 769 ignoramuS,
695 698 1114 767 quemadmodum
1136 710 1230 766 jam
1252 706 1524 756 monuimus
1545 707 1591 755 in
1616 707 1874 773 Principio,
1910 708 2073 756 erubu-

370 767 467 819 illet
487 769 685 833 proinde
696 771 902 825 AuGtor,
934 786 992 822 ea
1014 770 1177 824 denne>
1197 776 1498 839 publicaeluci
1513 777 1822 836 committere,
1845 774 1924 826 nisi
1936 791 2067 827 com·

367 837 548 904 pulisset
566 840 754 892 illorum
767 840 1016 908 imperium
1032 881 1045 904 ‚
1077 845 1240 910 quibus
1262 863 1363 896 non
1377 847 1570 898 obedire
1582 854 1729 909 majus
1746 846 1888 896 fuisset
1909 846 2070 912 piacu-

363 912 464 958 lum
477 946 492 972 ‚
529 915 655 960 unde
665 909 947 962 confusione
958 926 1234 980 contempta
1250 931 1435 982 parere,
1463 919 1512 970 ὃ(
1528 915 1681 968 minus
1701 918 1883 967 habens
1896 918 2068 982 potius,

365 978 512 1045 quam
537 979 833 1032 refractarius
845 997 1118 1047 comparere
1143 986 1308 1036 voluit.
1382 987 1558 1049 Porro,
1578 1004 1630 1037 ut
1648 989 1739 1038 elle
1764 988 1878 1035 solet
1895 1000 2062 1037 eorum

366 1063 509 1112 mos3
548 1051 626 1117 qui
650 1053 822 1101 audere
844 1052 1021 1120 aliquid
1052 1059 1145 1117 jam
1164 1069 1413 1122 coeperunt
1437 1095 1451 1119 ‚
1494 1057 1656 1125 quoad
1679 1060 1889 1106 altorum
1912 1058 2068 1124 magis

368 1120 634 1180 voluntati,
693 1120 1306 1189 quamsuaeobsequantu13
1368 1130 1431 1178 ita
1454 1163 1469 1181 ,
1525 1127 1557 1178 si
1584 1127 1740 1179 videris
1770 1128 2066 1189 subjune‘lum

368 1188 567 1254 publicis
592 1190 719 1242 hisce
742 1189 1099 1245 affixionibusid
1119 1210 1315 1263 quoque
1332 1234 1347 1251 ,
1382 1197 1513 1266 quod
1540 1201 1821 1248 moliebatur
1840 1200 1884 1245 in
1910 1197 2063 1245 solitu-

364 1260 474 1310 dine
489 1261 662 1312 dolens
684 1262 869 1312 animus
883 1297 899 1316 ,
921 1280 981 1313 ne
994 1265 1164 1316 mireris
1185 1272 1370 1319 calente
1385 1268 1548 1319 adhuc
1565 1277 1755 1319 calamo
1776 1283 1831 1317 ex
1849 1267 2065 1330 injuncto

361 1344 516 1398 opere
531 1368 546 1393 ‚
582 1329 698 1381 dum
718 1331 818 1384 hoc
838 1333 1076 1400 pendebat
1091 1350 1202 1387 ante
1223 1340 1444 1389 omnium
1458 1340 1655 1394 oculos,
1681 1337 1849 1388 mentis
1869 1337 2069 1405 impetus

361 1401 569 1454 cudebat
595 1401 720 1452 aliud
743 1421 759 1464 ς
814 1407 868 1457 ὃ(
892 1420 1226 1473 argumentum
1249 1409 1444 1459 alterum
1474 1447 1488 1470 ,
1553 1407 1686 1477 quod
1713 1406 1968 1475 Apparatui
1997 1407 2064 1456 lu·

363 1471 491 1522 nebri
514 1509 528 1534 ,
570 1469 877 1523 destinaverat
895 1475 1101 1538 animus,
1140 1475 1237 1525 aiio
1251 1483 1395 1543 coepit
1417 1480 1636 1530 excolere
1655 1479 1778 1544 stylo
1806 1515 1819 1540 ‚
1854 1492 1994 1544 atque
2016 1478 2062 1526 in

362 1540 607 1594 funebrem
628 1541 916 1598 Orationem
939 1547 1204 1598 convertitt
1251 1549 1307 1597 Et
1328 1548 1454 1600 hanc
1482 1548 1670 1618 quidem
1691 1563 1799 1598 cum
1829 1547 1917 1597 alia
1943 1548 2062 1596 litte.

359 1613 475 1664 raria
490 1611 810 1682 suppellefiile
833 1629 959 1665 curta
978 1617 1176 1667 tenebris
1197 1615 1467 1670 domesticis
1489 1619 1644 1687 potius
1664 1620 1955 1670 obvolutam
1976 1632 2065 1666 vo·

359 1681 506 1735 iuisset
521 1721 536 1747 ,
563 1681 708 1751 quam
732 1682 815 1734 hic
837 1684 1022 1750 prodire
1042 1722 1057 1747 ‚
1102 1703 1268 1753 utpote
1295 1705 1395 1739 non
1418 1706 1697 1759 argumento
1719 1688 1869 1757 operis
1890 1689 2057 1739 conso·

359 1767 478 1804 nam
495 1789 511 1808 ,
560 1768 652 1805 nec
669 1751 777 1805 latis
804 1757 1044 1805 excultam
1070 1794 1083 1812 ‚
1119 1759 1231 1827 quia
1249 1761 1458 1825 expolire
1480 1763 1681 1813 volentis
1706 1758 1866 1809 manui
1897 1757 2057 1806 lundu-

343 1823 530 1885 itam:
571 1822 646 1874 sed
659 1822 791 1876 simili
811 1823 1120 1879 succumbere
1151 1828 1254 1878 fato
1280 1832 1490 1899 oportuit
1517 1870 1530 1892 ‚
1568 1831 1699 1898 quod
1730 1831 1908 1893 reliqua
1929 1826 2053 1874 fentim

457 1908 542 1946 unt
562 1912 579 1956 3
612 1909 860 1962 eapropter
884 1896 980 1961 pari
1003 1895 1274 1967 drgnaberis
1298 1899 1458 1956 venia,
1504 1916 1605 1948 non
1631 1895 1948 1964 praesumptio.

702 1980 817 2015 nem
841 1966 1027 2015 credere
1048 2001 1064 2026 ,
1090 1966 1297 2017 dicendo
1318 1969 1507 2032 potius;
1549 1971 1705 2034 placet

1102 2050 1322 2086 conatus·

1804 3134 2039 3205 MARS
