2325 3675
744 316 918 378 {griffi}
975 314 1164 374 ›rfflx
1222 313 1397 373 &833¹

231 434 490 489 instruenda
517 435 563 491 in
587 431 689 485 acie
711 469 726 489 ,
757 435 1003 502 castn'sque
1021 431 1219 505 figendis
1241 469 1257 488 ,
1293 434 1339 483 in
1368 429 1554 482 urbibus
1569 429 1900 499 expugnandis,

226 505 502 575 eisdemque
524 505 705 555 tuendis
729 503 862 569 hujus
886 506 1105 573 exempla
1128 503 1302 557 secuti:
1347 516 1495 552 nemo
1514 500 1742 550 bellorum
1764 501 1907 555 1³1aess-

227 576 365 637 dem,
400 589 545 627 nemo
570 573 758 643 negabit
771 580 962 623 Martem
976 575 1285 638 Christianum,
1322 569 1509 640 quisine
1525 568 1744 617 Numinis
1755 568 1905 621 osten.

227 648 272 695 sa
300 647 554 716 gestaverat
567 658 696 695 arma
711 680 729 698 ,
761 657 862 695 tarn
882 644 1005 696 bella
1016 656 1312 710 componere
1326 655 1483 703 natm,
1503 637 1648 707 quam
1665 636 1908 689 laudabili.

229 730 304 764 ter
323 729 489 782 gerere.

328 785 438 833 Esto
457 802 472 844 3
498 780 598 832 hoc
613 779 708 845 ipso
722 781 962 848 culpatum
984 819 998 843 ,
1018 784 1294 849 &Areopago
1304 776 1566 831 submistum
1590 774 1812 837 audiatis3
1832 773 1912 827 id·-

233 853 429 905 circone
453 850 709 917 perculsum
732 851 968 905 tremenda
988 851 1208 904 sententia
1235 888 1249 905 ,
1273 850 1379 919 quia
1396 844 1916 913 districtojudicaruma

233 919 435 972 consess'u
453 957 467 975 ,
505 928 599 983 jam
610 917 825 976 creditis?
867 921 988 975 Non
1007 924 1051 971 in
1071 919 1163 972 fide
1187 921 1303 982 iola,
1319 919 1480 970 nonin
1499 914 1802 967 misericordia
1817 927 1915 966 tan·

232 991 334 1042 tum
353 1028 366 1052 ,
405 996 455 1045 ἃ
469 990 871 1054 miserationibus,
907 991 1042 1043 sedin
1060 988 1228 1053 iudicio
1242 1003 1432 1057 quoque
1453 1025 1465 1048 ,
1486 1001 1544 1039 ac
1571 986 1744 1048 justitia
1766 985 1907 1050 ipon-

230 1060 309 1111 sari
322 1063 541 1110 novimus
553 1061 731 1113 animas
745 1066 856 1112 Deo
871 1063 1035 1113 charas
1049 1098 1063 1116 ,
1081 1058 1357 1126 nitidrdrque
1369 1056 1488 1108 redit
1505 1053 1777 1106 innocentia
1799 1054 1917 1119 presm

232 1129 277 1181 sa
300 1132 541 1180 calumniis
561 1154 573 1187 3
610 1145 699 1180 nec
721 1145 835 1181 auto
846 1134 1040 1199 pretium
1062 1128 1297 1183 decedere
1312 1127 1436 1180 dices
1453 1166 1466 1189 ,
1501 1130 1612 1192 quia
1631 1123 1914 1187 frequentio-

231 1201 266 1250 ri
283 1201 572 1249 examinatur
593 1201 637 1249 in
663 1200 784 1268 igne.
855 1199 1053 1251 Potuerit
1074 1200 1363 1268 quandoque
1388 1196 1504 1246 boni
1530 1195 1786 1262 quidquam
1813 1207 1918 1258 pro-

232 1269 368 1319 fluere
391 1271 451 1316 ab
470 1283 552 1317 ore
573 1268 750 1335 peflimi
767 1273 844 1331 ‚&
859 1285 1020 1321 verum
1044 1268 1214 1336 aliquid
1230 1271 1291 1319 ab
1315 1268 1448 1317 hoste
1465 1270 1661 1318 veritatis
1686 1283 1702 1325 ;
1739 1264 1914 1313 Caelare

233 1338 373 1405 plane
386 1337 578 1405 dignum
592 1343 643 1389 ὃ(
658 1341 819 1389 Ledro
832 1338 943 1389 illud
955 1354 1052 1390 erat
1061 1339 1325 1404 responlum
1345 1375 1358 1398 ‚
1392 1352 1492 1405 quo
1504 1334 1707 1403 Julianus
1723 1336 1756 1380 A
1762 1334 1917 1398 pasta-

233 1422 281 1457 ta
300 1406 494 1472 repreffit
517 1404 824 1473 Delphidium
851 1411 1178 1475 imponentem
1208 1406 1441 1457 Numerio
1456 1405 1627 1454 furtum
1645 1437 1659 1455 ,
1681 1401 1815 1469 quod
1836 1401 1920 1450 iste

233 1485 450 1545 negavit,
478 1491 526 1525 ut
554 1477 706 1542 potuit
730 1478 884 1527 insons
902 1516 916 1540 ‚
953 1492 1042 1529 nec
1063 1478 1143 1528 ille
1157 1477 1399 1543 probavit,
1414 1489 1466 1524 ut
1486 1473 1713 1523 debuerat
1735 1471 1920 1522 Actor:

237 1547 442 1611 apprime
464 1547 634 1612 quippe
654 1546 938 1610 compescuit
962 1548 1250 1616 ingerentem
1266 1551 1386 1610 ,quis
1397 1549 1479 1591 erit
1498 1543 1731 1607 aliquando
1740 1556 1888 1586 nocens
1906 1575 1923 1600 ,

220 1617 273 1679 st
282 1633 436 1681 negare
437 1615 624 1680 sufficiat
636 1627 652 1667 ἓ
665 1621 955 1683 reponendo
968 1634 981 1670 ς
1013 1611 1075 1664 Et
1084 1620 1180 1683 qm?
1193 1619 1272 1663 eric
1283 1619 1477 1661 innocens
1493 1629 1696 1678 unquam,
1704 1605 1926 1677 fiacensi-

235 1686 493 1750 resrffciac?

345 1754 669 1806 Accusaverint
686 1753 797 1823 ergo
813 1792 827 1815 ,
853 1771 952 1805 non
970 1753 1080 1806 ideo
1098 1755 1194 1806 hoc
1209 1752 1308 1823 ipso
1320 1749 1597 1819 probavere
1609 1763 1738 1802 reum
1753 1785 1767 1810 ‚
1781 1760 1923 1815 quot-

241 1836 362 1888 quot
379 1824 572 1876 Aetores
592 1826 899 1890 comparuisse
920 1826 1135 1879 audietis:
1165 1822 1476 1882 culpaverint,
1498 1827 1718 1887 inquam,
1758 1823 1926 1864 Boicum

241 1888 371 1941 hunc
387 1895 580 1939 Martem
595 1930 608 1952 ‚
636 1909 722 1942 ceu
740 1895 843 1944 solo
860 1903 950 1954 iam
975 1896 1170 1945 nominc
1185 1909 1331 1953 reum,
1347 1908 1401 1943 ac
1416 1895 1562 1941 Poena
1586 1884 1925 1957 digniffirnum2

240 1960 347 2024 quia
361 1959 594 2010 ramosum
606 1957 664 2010 de
676 1962 809 2010 titulo
828 1966 992 2007 Martia
1012 2001 1025 2024 ,
1051 1971 1179 2022 cuius
1194 1965 1310 2012 latus
1336 1978 1435 2011 non
1449 1961 1521 2020 alii
1536 1955 1926 2024 stipantministri,

241 2027 383 2093 qua‘m
398 2032 537 2073 Terror
552 2066 563 2088 ‚
576 2033 627 2079 δε
648 2034 826 2076 Pavor:
863 2036 990 2090 cuius
1018 2030 1286 2097 pediflequae
1305 2045 1364 2078 ns
1377 2045 1407 2077 n
1422 2028 1520 2077 alia:
1542 2061 1556 2080 ,
1580 2025 1721 2093 quarn
1736 2027 1899 2073 clamor
1913 2058 1929 2084 ,

240 2100 293 2148 δε
313 2105 407 2145 [mx
427 2104 554 2154 cuius
570 2095 869 2166 antesignana
884 2098 1109 2162 Discordia
1117 2118 1138 2154 ,·
1168 2102 1219 2153 ὅ(
1245 2112 1426 2149 armata
1437 2095 1617 2148 facibus
1629 2095 1783 2162 auriga
1797 2094 1931 2139 [fello-

241 2183 316 2217 na.
385 2167 429 2216 Si
453 2165 558 2214 trita
583 2163 808 2233 paraemia.

431 2246 688 2309 Nullrzfides
701 2279 714 2297 ,
739 2247 972 2306 Pieta'sque
990 2246 1099 2288 Vtra}
1121 2277 1138 2302 ,
1176 2245 1250 2306 qui
1271 2243 1402 2300 castra
1418 2242 1677 2308 sequuntur,

246 2337 392 2390 quam
405 2321 544 2371 fidem
559 2359 572 2381 ‚
590 2335 731 2386 quam
754 2322 936 2385 reperiri
955 2320 1182 2370 Pietatem
1204 2323 1398 2371 credetis
1415 2323 1462 2371 in
1477 2325 1585 2372 Viro
1602 2358 1615 2375 ,
1643 2318 1719 2386 qui
1741 2322 1931 2381 jamiam

251 2393 276 2440 a
288 2396 462 2452 Juvene
477 2391 623 2439 castris
638 2387 851 2438 addierus
868 2425 882 2449 ,
892 2387 982 2455 ipsa
996 2389 1075 2439 sub
1088 2391 1243 2440 Galea
1259 2427 1273 2449 ‚
1293 2388 1492 2455 ipsisque
1507 2390 1586 2440 sub
1599 2405 1733 2440 armis
1743 2389 1930 2434 incane-

250 2461 369 2511 scere
395 2459 570 2517 voluit3
608 2472 849 2523 nunquam
868 2457 1006 2506 laetior
1024 2457 1224 2521 ,φάτω
1257 2460 1371 2501 cum
1390 2453 1628 2503 ciafficum
1654 2449 1932 2502 audiitinso-

251 2546 369 2579 nare
381 2566 396 2583 ,
433 2543 520 2579 nec
534 2527 686 2597 magis
700 2524 847 2577 hilaris
859 2559 875 2581 ,
903 2523 982 2573 nisi
993 2538 1103 2574 cum
1119 2522 1328 2592 legiones
1341 2521 1539 2572 educere
1556 2560 1570 2584 ‚
1606 2520 1796 2590 agmina
1808 2536 1931 2591 tege.

253 2614 299 2647 re
315 2634 328 2651 ,
360 2596 534 2664 praeesse
557 2596 735 2664 paenis,
759 2591 1026 2662 sanguinem
1037 2591 1506 2662 spargere,regioncs
1524 2589 1742 2644 invadere
1757 2628 1773 2654 ‚
1798 2592 1932 2642 urbes

261 2682 492 2727 everrere,
523 2682 580 2717 ac
602 2664 806 2716 cladibus
829 2664 1124 2713 inclarescere
1146 2662 1265 2711 licuit
1291 2658 1312 2707 ἓ

364 2739 561 2801 Εκρεηίτ-
583 2733 750 2786 credite
764 2769 780 2787 ,
816 2742 833 2791 <
852 2731 1094 2782 Thracum
1110 2737 1208 2782 haec
1229 2731 1292 2780 est
1305 2727 1669 2800 Turcarumque
1692 2729 1933 2784 tristiffima

262 2819 358 2855 vox
372 2808 422 2856 ὃ(
437 2801 784 2872 indignabunda
797 2801 1008 2869 >experti,
1026 2803 1172 2853 eheu!
1196 2796 1380 2850 abunde
1389 2817 1478 2851 nos
1494 2800 1660 2851 fuimus
1676 2799 1806 2865 hujus
1820 2807 1933 2850 troici

261 2879 428 2921 Martis
451 2871 665 2930 furorem,
679 2876 728 2925 ὃ(
743 2872 1044 2922 contremiscit
1057 2872 1301 2938 hucusque
1320 2867 1630 2921 Ottomanica
1643 2871 1771 2921 Luna
1785 2870 1935 2936 ruptis

261 2943 496 2991 crudeliter
508 2941 722 2992 cornibus
738 2940 892 2992 adhuc
911 2941 1126 3010 languine
1141 2941 1295 3009 plena.
1365 2942 1468 2995 En!
1504 2953 1666 2991 cruore
1689 2938 1934 2991 madentia

267 3012 480 3070 vulnera,
505 3014 745 3077 prostratas
760 3011 920 3078 copias
942 3010 1086 3061 ferme
1112 3011 1459 3070 innumeras,&
1481 3008 1626 3058 diruta
1640 3011 1824 3062 castrat
1858 3009 1935 3061 En

267 3078 711 3150 ereptas‘Hungariae,
727 3079 980 3149 Serviaeque
996 3084 1286 3146 Metropoles
1297 3117 1310 3140 ,
1327 3078 1550 3129 subtrarsta
1564 3077 1732 3148 Regna
1745 3117 1759 3141 ,
1771 3078 1935 3146 ipsam-

270 3145 362 3215 <jue
377 3148 519 3199 ferme
535 3165 687 3202 totam
712 3153 1008 3202 Pannoniam
1027 3166 1127 3202 non
1148 3147 1413 3201 fortitudine
1432 3147 1617 3201 tantum
1629 3149 1825 3202 bellica,
1855 3140 1930 3197 scd

1125 3221 1157 3273 b
1169 3228 1207 3287 ’ᾗ
1758 3213 1866 3268 (Criu
