2325 3675
840 246 1017 305 *effi*
1072 248 1104 296 )(
1133 244 1191 303 »1⁴
1219 246 1259 301 >C
1316 244 1491 302 {5³55}

335 383 470 421 tuum
487 369 709 436 Sapientia
730 362 785 418 εἴ
794 363 1032 412 Prudentia
1053 365 1273 416 Nomen,
1306 377 1356 413 ut
1379 361 1566 410 Prudens
1575 359 1795 408 Ludormn
1817 357 2028 407 Wdorin·

339 453 614 507 terpretatur.
649 432 736 492 (d)
759 432 932 483 Merito
941 432 1070 503 igitur
1086 431 1235 482 deefle
1257 447 1358 483 non
1380 431 1542 483 debuit
1565 428 1756 497 Principi
1772 463 1787 487 ,
1804 428 1886 494 qui
1901 433 2030 475 Mar--

338 514 399 557 tir
412 508 634 573 cbrssiani
647 503 964 554 ceteberrimas
984 516 1138 568 partes
1158 499 1412 568 adimplere
1436 499 1670 556 debuerat.
1741 496 1875 567 Qd
1897 498 2029 546 enim

337 573 635 632 necessarium
651 571 807 643 magis
819 572 963 622 Heroi
974 572 1213 625 censeatur
1226 609 1241 633 ‚
1264 570 1407 640 quam
1418 585 1531 623 vera
1545 568 1792 621 Prudentia
1806 573 1826 617 ἕ
1864 582 1957 636 qua
1974 565 2029 614 si-

337 664 400 699 ne
416 659 504 697 nec
518 658 649 693 arma
668 641 894 694 valebunt
909 680 923 703 ,
959 657 1051 694 nec
1070 641 1264 710 agmina
1285 677 1300 702 ‚
1338 659 1435 694 non
1459 643 1608 693 Gazae
1627 639 1863 691 immensae
1885 675 1900 699 ,
1936 648 2028 687 nec

336 729 512 785 magna
534 714 746 781 potentia
767 730 782 765 z
817 711 1078 778 proderunt
1096 713 1195 762 haec
1210 709 1275 760 villi
1295 713 1552 777 conjuncta
1571 747 1587 773 ,
1604 708 1706 762 hoc
1728 710 1823 761 fine
1849 712 1996 759 oculo
2013 740 2029 765 ,

341 786 439 835 hoc
454 781 546 834 fine
557 782 735 833 lumine
749 784 1031 835 nescientem
1045 779 1108 831 uti
1118 817 1133 841 ,
1149 778 1277 830 sicuti
1292 796 1477 846 oportet
1488 817 1501 841 ,
1514 778 1725 847 potenti-a
1738 817 1751 840 ‚
1763 780 1809 828 in
1829 789 2031 844 praeceps

342 854 546 915 trahere,
567 852 661 903 heu
687 861 700 907 ξ
744 852 888 920 quam
909 852 1024 919 {aepe
1038 846 1342 900 consueverat
1356 851 1485 904 isra?
1517 851 1722 903 muitum
1744 848 1902 899 valent
1919 849 2033 896 teste

339 922 668 993 Xenophonte
683 936 851 973 manus
863 921 1167 991 plurimorum
1181 957 1194 980 ,
1222 923 1323 987 plus
1335 935 1497 972 tamen
1508 936 1608 971 non
1620 920 1724 973 raro
1739 932 1870 970 mens
1880 930 1973 966 una
1987 915 2036 964 in

339 993 549 1062 Principe
566 991 743 1057 sapiens
763 1009 779 1052 3
810 989 1043 1059 quodque
1068 989 1235 1040 viribus
1252 989 1515 1060 aliquando
1536 1007 1638 1041 non
1668 990 1787 1040 bene
1801 983 1996 1039 creditur
2020 1019 2037 1043 ,

340 1062 581 1128 Sapientiae
594 1063 717 1113 cedit
731 1061 1046 1131 frequentiusz
1081 1060 1411 1126 Quapropter,
1434 1076 1485 1110 ut
1498 1060 1647 1111 Minos
1658 1061 1704 1110 in
1728 1060 1872 1109 Creta
1891 1056 2042 1121 impe.

344 1132 390 1199 ri,
404 1134 550 1184 clavo
567 1131 768 1183 nonfuit
786 1131 1009 1184 admotus
1021 1168 1036 1192 ‚
1059 1142 1319 1196 antequam
1337 1131 1662 1182 contubernio
1681 1130 1809 1198 Jovis
1831 1127 2041 1195 dignare-

344 1215 416 1252 tur
447 1201 618 1268 (quod
640 1201 863 1259 Numinis
881 1202 1058 1254 cultum
1083 1195 1329 1268 defignat)
1365 1200 1429 1250 ita
1453 1200 1630 1267 sapiens
1651 1198 1915 1251 Thebanus
1927 1191 2048 1243 nuli-i

347 1267 575 1324 conceffit
596 1270 748 1341 Regni
763 1272 975 1322 habenas
995 1309 1009 1332 ‚
1030 1273 1113 1337 qui
1129 1273 1251 1335 prius
1274 1269 1320 1319 in
1339 1269 1584 1337 semetipso
1600 1268 1824 1339 sapientia>
1838 1265 2048 1315 simulac—

347 1356 451 1393 rum
460 1355 563 1392 non
575 1339 867 1396 efformasset.
940 1345 1170 1391 Nolueras
1187 1356 1301 1410 ergo
1326 1355 1461 1391 tuum
1478 1340 1673 1407 Principi
1689 1345 1887 1392 Nomen
1899 1334 2049 1384 deesse

348 1413 592 1465 Ludovice,
626 1411 732 1479 quia
749 1410 1042 1476 prudentiam
1060 1409 1210 1460 deesse
1224 1409 1437 1460 noluisti:
1469 1407 1884 1481 quamigiturjuste
1897 1402 2048 1456 sustra-

351 1482 438 1552 gio
457 1479 908 1533 tuofavebisEidem
924 1517 938 1542 ,
978 1477 1057 1547 qui
1070 1496 1130 1530 ne
1151 1477 1323 1531 deesset
1343 1480 1526 1530 nomini
1548 1495 1663 1537 tuo,
1687 1496 1814 1532 totus
1832 1479 1879 1529 in
1892 1478 2054 1526 aurem

354 1547 560 1602 transivit
581 1587 596 1612 ,
618 1565 670 1600 ut
692 1550 919 1616 Sapientis
939 1547 1000 1599 de
1015 1565 1150 1600 more
1164 1550 1361 1600 aliorum
1377 1564 1575 1617 quoque
1591 1545 1764 1604 audiret
1778 1548 1978 1603 consilia
1992 1552 2054 1602 (e)

355 1619 437 1673 etsi
453 1659 467 1683 ‚
487 1634 586 1685 quae
608 1619 807 1688 propriae
824 1617 1229 1671 mentisSerenitas
1248 1620 1493 1689 suggerere
1511 1614 1671 1686 'potuit
1694 1660 1709 1685 ,
1732 1634 1966 1691 tanquam
1996 1631 2054 1667 ex

355 1689 678 1760 tripodesusa‚
698 1693 754 1744 ὃ(
774 1690 972 1741 oraculo
991 1688 1157 1740 fuerint
1175 1688 1431 1742 simillima:
1466 1690 1634 1758 Qam
1656 1695 1794 1756 juste,
1829 1696 2056 1758 inquam,

360 1759 425 1812 ini
439 1759 615 1813 favebis
630 1795 646 1814 ,
678 1758 759 1828 qui
774 1774 900 1811 totus
911 1765 958 1810 in
970 1759 1166 1811 oculum
1184 1774 1265 1826 pet
1281 1759 1580 1812 prudentiam
1602 1761 1746 1826 abiit,
1784 1778 1835 1812 ut
1848 1773 2057 1814 circum-

360 1831 549 1897 spiceret
558 1829 723 1880 omnia
736 1865 751 1890 ,
764 1833 817 1884 &
830 1828 1108 1898 prospiceret
1117 1828 1304 1899 singuiis
1315 1867 1330 1892 ‚
1345 1830 1582 1899 speculum
1594 1847 1695 1883 non
1714 1831 1894 1882 minus,
1912 1840 2059 1893 quarn

360 1902 586 1953 trutinam
602 1897 835 1951 adhibens
851 1918 868 1962 3
904 1900 1192 1965 praesentibus
1211 1899 1272 1948 ita
1290 1899 1487 1961 provide
1499 1899 1601 1945 usus
1622 1933 1637 1958 ‚
1660 1914 1708 1949 ut
1727 1901 2058 1963 praeteritorum

330 2029 331 2032 Ἴ
360 1986 466 2021 non
485 1971 747 2020 immemor
760 2003 777 2022 ,
798 1969 955 2018 futuris
967 1982 1158 2031 quoque
1167 1964 1400 2014 consulere
1412 1964 1720 2016 meminisset?
1746 1968 1917 2031 Neque
1928 1964 2063 2014 enim

330 2043 332 2046 ’
363 2039 414 2089 in
438 2038 570 2088 bellis
583 2038 780 2104 peritum
801 2032 1026 2105 ignorasse
1045 2033 1146 2100 quis
1166 2032 1296 2082 dicet
1315 2071 1330 2093 ‚
1365 2031 1508 2099 quarn
1527 2033 1698 2084 incerta
1715 2027 2062 2102 nonnunquam

365 2103 832 2158 aleafortunaludere
851 2102 1023 2163 soleat,
1052 2101 1206 2156 &illis
1227 2098 1504 2170 plerumque
1517 2099 1736 2166 illudere,
1782 2104 1862 2170 qui
1876 2119 1954 2155 aut
1974 2102 2060 2152 {uis

367 2172 533 2230 confisi
552 2169 755 2226 confiliis
773 2206 789 2231 ,
809 2170 1096 2236 illorumque
1112 2170 1312 2220 nimium
1322 2176 1857 2237 cumCatonetenaces3
1886 2187 2060 2225 autco-

369 2242 591 2298 lumbinae
614 2238 856 2289 finceritati
865 2238 1079 2306 serpentis
1089 2238 1303 2289 astutiam
1315 2240 1599 2291 connectere
1614 2243 1841 2299 nesciunt,
1864 2250 1938 2298 vel
1949 2258 2063 2313 neg-

373 2316 538 2386 ligunt.
607 2308 818 2360 Voluerit
839 2306 984 2359 etia-m
994 2310 1174 2354 Bavaro
1186 2307 1402 2356 Ludovico
1411 2308 1682 2364 inconstans
1694 2300 2065 2367 fortuna'issude·

373 2402 424 2438 re
437 2421 453 2445 ,
473 2399 573 2434 non
589 2378 718 2432 aliter
737 2391 858 2429 cette
870 2377 1024 2429 voluit
1035 2412 1053 2432 ,
1093 2374 1236 2443 quam
1255 2378 1339 2428 suo
1352 2379 1545 2430 rubore:
1566 2384 1749 2433 Prudens
1763 2386 1985 2434 Ludorum
2006 2388 2068 2433 Vt·

377 2458 467 2506 Hor
476 2462 752 2520 extorquere
762 2462 962 2501 noverat
984 2450 1138 2509 aleas3
1177 2449 1232 2503 ὃς
1248 2484 1262 2508 ,
1282 2450 1361 2501 vel
1383 2463 1627 2519 concepto
1650 2453 1699 2504 in
1715 2470 1855 2507 arena
1868 2455 2069 2507 confluo

379 2525 623 2577 ludentem
635 2518 791 2570 ludere
812 2556 827 2581 ‚
866 2520 939 2570 vel
959 2515 1158 2572 infidam
1180 2518 1427 2571 tolerantia
1437 2519 1652 2584 vincere,
1681 2524 1795 2577 curn
1816 2525 1977 2590 justam
1992 2529 2075 2576 de*

378 2598 509 2665 {uper
523 2587 911 2665 depraehenderat3
925 2604 1026 2639 non
1039 2602 1139 2638 tam
1158 2589 1332 2640 etenim
1343 2592 1544 2657 tempori
1563 2592 1846 2656 cedendum,
1860 2610 1940 2645 aut
1952 2598 2072 2651 fato,

379 2663 644 2734 proficuum
669 2659 863 2722 sciebat,
897 2658 1042 2727 quam
1059 2656 1277 2722 Supertim
1302 2660 1515 2712 manibus
1538 2666 1637 2713 suas
1651 2666 1949 2716 committere
1972 2668 2073 2719 sor·

381 2752 476 2798 teS,
511 2731 589 2800 qui
601 2726 819 2779 nobiliori
843 2726 903 2778 de
914 2744 1026 2779 urna
1046 2726 1244 2794 perditas
1257 2744 1449 2798 quoque
1463 2766 1478 2790 ,
1502 2745 1612 2783 cum
1625 2733 1810 2786 foenore
1827 2775 1842 2799 ,
1867 2751 2074 2804 reparare

386 2805 668 2874 dignanturt
700 2794 1190 2863 QuidniPrudentiam
1203 2798 1337 2851 istam
1353 2836 1368 2856 ,
1387 2800 1511 2851 utest
1537 2803 1681 2873 longe
1693 2803 1953 2860 sublimior,
1978 2808 2075 2860 san.

387 2874 605 2940 &iorque
627 2871 835 2937 reliqua,
864 2871 917 2922 ὅ(
932 2867 1254 2922 Christianum
1268 2870 1520 2936 sapientem
1545 2872 1764 2924 aGentili
1786 2876 1970 2928 secernit
1995 2917 2007 2940 ‚
2047 2879 2075 2931 ὲ

388 2960 473 2994 tuo
486 2942 658 2993 Sancte
672 2940 885 2986 Ludovice
895 2939 1111 2990 Nomine
1121 2934 1278 2994 didicit
1288 2978 1302 3002 ,
1313 2944 1366 2994 ὃ(
1378 2942 1599 3010 exemplo
1609 2950 1633 2997 ἓ
1655 2945 1769 3007 quin
1780 2945 1919 2994 etiam
1932 2946 2060 3000 iliam

393 3029 492 3080 quae
504 3010 718 3065 Numinis
727 3014 855 3060 cultu
870 3046 886 3072 ,
908 3009 1103 3079 caelique
1116 3007 1320 3078 praesidiis
1332 3011 1579 3078 Regimina
1599 3013 1750 3065 munit
1763 3049 1779 3076 ‚
1790 3018 1842 3070 ὃς
1855 2990 2079 3086 regnassss

501 3158 579 3210 (d)
607 3165 659 3201 Ex
677 3157 954 3217 interprssuidae
1140 3158 1220 3219 (e)
1255 3169 1447 3215 Prov012.
1474 3175 1532 3216 ις,
1885 3105 2010 3141 vero
