2325 3675
890 266 1068 324 ¹233&
1122 266 1310 325 xfflx
1367 267 1542 326 &³ss31-

394 385 569 439 ferit-ate
579 381 781 438 leonina.
851 382 908 433 Et
918 381 1090 449 quoad>
1102 380 1378 452 sacrilegum
1398 382 1596 436 noscatis
1610 383 1821 436 animum
1835 420 1850 446 ,
1885 388 2068 452 Integer·

396 455 712 516 rimiJudices5
751 465 813 502 en
832 449 1064 518 dejeflam
1075 453 1279 517 millenis
1299 452 1347 505 in
1356 453 1478 504 locis
1490 451 1777 506 Mahornetis
1799 452 1958 523 magni
1982 457 2071 504 Re·

392 526 616 596 ligionem
627 557 642 581 ,
662 522 820 573 eversa
829 522 1177 590 quamplurima
1189 522 1320 584 fana,
1331 525 1386 577 &
1403 523 1585 574 violata
1600 523 1777 590 Imperii
1799 524 1940 575 nostri
1959 528 2071 586 Jura

397 589 603 648 violenta
616 587 810 644 summa*-
877 591 1014 660 Qn
1037 591 1179 645 etiam
1193 631 1209 655 ,
1243 607 1335 643 ceu
1356 609 1459 643 non
1490 591 1699 662 potuisset
1709 595 1879 662 expleri
1908 592 2072 646 laevitia

395 665 507 714 dura
517 660 731 723 damnis,
755 660 892 712 nobis
903 661 1074 729 abipso
1086 662 1222 714 illatis
1246 660 1263 724 ,'
1297 661 1443 731 quarn
1458 661 1693 723 immane,
1734 662 1971 730 quantave
1986 677 2070 728 pae·

393 749 455 783 na
471 730 660 799 dign-um
673 729 928 792 censebitis,
961 729 1256 792 ferocitatem
1267 730 1400 783 istam
1416 727 1686 802 propagaffe
1693 730 1742 780 in
1755 736 1964 798 posteros
1981 770 1994 795 ‚
2005 732 2070 797 pi·

381 800 619 866 :enriffimis
631 800 838 870 alioquin
851 800 886 850 F
888 799 966 850 iliis
976 816 1138 866 parem
1152 798 1356 852 indidiffe
1374 802 1586 853 animum
1600 840 1615 863 ,
1629 797 1846 854 addidisse
1860 803 1997 852 robur
2009 799 2071 852 ad

387 868 730 940 limilesstrages
753 869 890 920 nobis
904 870 1174 940 infligendas
1194 870 1219 927 ἓ
1259 878 1334 922 An
1356 888 1459 922 non
1472 869 1600 922 idem
1617 869 1793 921 hocest
1809 909 1822 924 ‚
1837 871 1965 938 quod
1987 871 2070 922 de.

382 937 674 993 testabamini
686 944 836 1005 Superi
856 955 936 1007 per
948 942 1149 992 vestrum
1164 940 1454 1003 Prophetam
1466 949 1531 1000 (a)
1549 941 1596 992 in
1611 939 1901 1009 Principibus
1916 940 2064 1004 lsrael,

382 1008 514 1075 quod
534 1023 679 1058 unum
698 1010 802 1076 post
822 1009 1019 1060 alterum
1044 1010 1282 1061 eduxerint
1303 1009 1364 1062 de
1378 1010 1624 1061 Leunculis
1638 1010 1723 1061 suis
1738 1049 1752 1072 ,
1769 1009 1946 1075 eosque
1970 1009 2064 1061 fieri

379 1078 574 1132 leones,
597 1079 1007 1145 praedamcapere,
1025 1080 1187 1135 viduas
1207 1083 1360 1135 lacere
1376 1117 1392 1145 ,
1417 1096 1475 1134 ac
1490 1080 1720 1135 Civitates
1746 1080 1996 1132 docuerint
2020 1079 2068 1129 in

375 1145 604 1201 >delertum
623 1147 891 1206 adducere?

490 1219 582 1269 Sed
597 1219 805 1274 utinam!
840 1219 1079 1291 (prosequi
1094 1222 1368 1278 videbantur
1379 1227 1612 1297 querelam
1623 1223 1802 1279 Rheni,
1816 1226 1868 1277 ὃ(
1887 1221 1975 1273 istri
1992 1257 2005 1275 ,
2018 1235 2064 1271 a·

378 1287 650 1357 liorumque
670 1290 914 1341 fluminum
928 1294 1111 1344 Accolae
1126 1306 1137 1351 )
1152 1295 1350 1347 utinam!
1363 1301 1411 1349 in
1423 1300 1644 1350 barbaros
1654 1299 1807 1348 lolum
1821 1331 1833 1348 ,
1846 1299 1897 1348 ὃ(
1911 1295 2065 1342 Thra·

377 1373 457 1435 ceq
476 1364 640 1407 Martis
659 1359 789 1425 hujus
803 1358 927 1413 furor
945 1361 1232 1416 deferbuisset
1245 1406 1259 1429 ,
1277 1382 1364 1419 nec
1378 1366 1656 1419 tantundem
1672 1365 1928 1418 Christiani
1944 1363 2058 1433 San-

376 1429 528 1496 guinis
551 1431 750 1492 sparsum
768 1465 784 1484 ,
821 1445 899 1482 aut
912 1431 1096 1484 minora
1126 1432 1303 1487 damna
1317 1437 1591 1488 nobisillata
1604 1437 1783 1487 suissent
1804 1472 1818 1495 ,
1872 1430 2069 1483 conscio

378 1511 480 1545 non
500 1496 650 1548 solum
662 1537 677 1561 ‚
700 1498 775 1549 led
790 1515 958 1568 agente
972 1500 1156 1554 Eodem
1170 1524 1185 1568 ;
1218 1508 1325 1556 eliet
1335 1506 1577 1558 tolerabile
1588 1507 1768 1558 malum
1778 1542 1792 1569 ‚
1807 1506 1859 1558 ἃ
1874 1516 2065 1572 gemen‘

376 1579 442 1615 tes
455 1568 710 1643 lileremus:
746 1573 889 1622 Nunc
905 1587 1062 1623 autem
1073 1572 1218 1625 hostis
1228 1576 1382 1626 noster
1394 1574 1614 1642 peffimus
1628 1579 1776 1627 iserat
1792 1610 1806 1628 ,
1827 1587 1954 1636 cujus
1966 1585 2060 1622 cru·

375 1633 539 1686 deliras
558 1637 847 1690 redundabat
866 1639 914 1690 in
929 1643 1174 1710 imperium
1196 1643 1277 1697 'sua
1301 1646 1621 1711 tranquillitate
1632 1644 1957 1703 deturbaturm
1992 1654 2063 1689 re·

372 1705 619 1758 dundabat
631 1708 675 1757 in
688 1714 822 1760 Sacra
837 1748 852 1771 ‚
886 1726 968 1777 per
977 1712 1136 1764 similia
1154 1716 1278 1767 bella
1291 1714 1540 1785 profanata
1564 1734 1580 1777 3
1613 1720 1663 1769 ὃ(
1678 1712 1907 1765 redundat
1922 1711 1969 1761 in
1989 1715 2063 1758 Vos

371 1790 597 1842 quoque,
610 1777 815 1842 judices,
832 1795 1035 1848 quorum
1053 1786 1220 1845 timor,
1250 1790 1301 1839 ὃ(
1315 1786 1570 1838 reverentia
1588 1784 1878 1855 pessumdata
1896 1779 2022 1831 luere
2041 1812 2057 1830 2

367 1844 662 1912 ‘vestramque
674 1864 903 1911 provocat
928 1854 1093 1918 justam
1105 1856 1377 1908 vindieiam.

496 1918 575 1966 An
587 1933 703 1968 vero
722 1934 813 1970 nos
831 1918 962 1970 inulti
973 1924 1278 1975 recedamus?
1323 1921 1614 1979 (insurrexere
1626 1918 1823 1988 quidam
1837 1917 1896 1968 de
1915 1922 2056 1983 Syna-

363 2000 499 2054 goga
517 2020 530 2043 ,
552 2001 650 2051 quae
662 2002 858 2037 vocatur
870 1990 1087 2041 calvini,
1113 1990 1299 2040 Lutberi
1314 2029 1327 2052 ‚
1347 1989 1634 2055 autJansenij
1659 1998 1674 2044 )
1712 2004 1774 2036 an
1797 2004 1896 2038 non
1909 1985 2057 2036 vindi.

368 2055 629 2102 cabirisnos
641 2090 655 2115 ,
689 2054 720 2103 sl
733 2053 844 2121 quid
867 2056 1087 2123 aequitatis
1099 2059 1248 2109 vestro
1262 2058 1472 2125 reperitur
1486 2056 1532 2106 in
1544 2055 1750 2107 conlellu
1768 2055 1788 2103 ἓ
1828 2061 1934 2108 Nos
1946 2091 1960 2108 2
1975 2051 2055 2122 qui

366 2120 667 2185 implacabile
685 2123 901 2188 Principis
918 2125 1087 2176 odium
1113 2127 1308 2178 tolerare
1332 2126 1631 2195 cogebamur
1652 2144 1668 2188 ⁴,
1716 2127 1814 2177 hoc
1836 2140 2002 2196 agente
2030 2122 2058 2174 ὲ

361 2189 548 2241 latebris
571 2187 728 2237 educti
744 2223 759 2240 ,
788 2190 1051 2240 edomibus
1072 2197 1204 2254 eleeti
1227 2233 1240 2253 ‚
1268 2196 1295 2245 e
1321 2196 1507 2260 templis
1521 2196 1632 2263 pulsi
1648 2235 1662 2259 ,
1690 2193 1716 2246 ὲ
1734 2193 1979 2247 Provinciis.
1994 2209 2056 2244 re-

362 2260 535 2331 legati,
562 2261 614 2312 ὃ(
632 2255 829 2308 solidam
843 2258 1049 2310 instillare
1065 2261 1348 2313 Do&rinam
1370 2265 1630 2329 prohibiti?
1663 2269 1738 2315 An
1760 2283 1858 2315 non
1877 2267 2056 2331 semper

360 2329 458 2402 veti
479 2329 697 2401 Numinis
712 2330 831 2382 iram
844 2367 857 2394 ,
880 2329 1147 2385 &caelitum
1169 2330 1542 2402 indignationem
1558 2330 1776 2394 meruere,
1799 2337 1875 2401 qui
1894 2331 2052 2383 Praedi.

369 2409 543 2449 cationi
558 2402 794 2462 Evangelii
817 2401 1069 2446 restinssrunt
1083 2439 1100 2453 0
1140 2403 1528 2468 Puriflimt'tmqne
1553 2403 1643 2455 Dei
1664 2405 1865 2454 Verbum
1878 2403 2047 2454 doccn.

367 2482 433 2517 tes
453 2461 756 2533 praepediunt,
774 2463 1193 2534 utinlupportabile
1203 2472 1716 2543 Pontificiorumjugum
1730 2509 1744 2526 ,
1759 2477 1812 2527 ὅ(
1827 2488 2043 2543 gravato·

365 2551 467 2606 tum
487 2548 655 2592 onera,
680 2548 781 2599 quae
792 2531 939 2603 digito
951 2549 1111 2588 tamen
1124 2537 1207 2587 suo
1220 2553 1416 2592 movere
1434 2537 1744 2611 dedignantur
1756 2579 1770 2598 ,
1788 2560 1872 2611 prae
1891 2542 2043 2605 suavi,

366 2606 561 2672 levique
585 2601 779 2652 Domini
799 2619 941 2655 onere
967 2615 1216 2662 tueantur?

472 2672 650 2738 Quidni
661 2670 926 2741 graviffimo
939 2677 1137 2745 graviori
1155 2676 1379 2747 supplicio
1402 2677 1593 2748 dignum
1609 2682 1899 2747 judicabitis?
1931 2689 2035 2739 (aua

367 2744 540 2795 dent&
553 2742 615 2813 illi
631 2756 785 2808 petere
798 2781 811 2803 ‚
836 2758 956 2809 quos
970 2745 1180 2814 Principis
1192 2747 1399 2800 Nemelis
1409 2750 1548 2817 perire
1563 2753 1734 2815 jusserat
1753 2755 1856 2804 ense
1868 2790 1881 2813 ,
1893 2750 2036 2812 furca,

367 2814 443 2866 vel
455 2811 581 2867 rota)
609 2811 818 2878 nunquid
837 2812 1069 2865 dimittetis
1092 2816 1361 2885 impunem,
1390 2824 1514 2885 cujus
1537 2820 1761 2875 sententiae
1788 2825 1902 2890 saepe
1925 2836 2036 2887 put·

367 2883 493 2946 cipiti
507 2919 519 2940 ,
545 2888 668 2942 cujus
689 2896 954 2947 praetextatae
971 2885 1148 2946 Justitiae
1163 2925 1177 2949 ‚
1201 2902 1249 2937 ut
1269 2887 1436 2954 inopiae
1453 2891 1640 2947 nostrae,
1669 2909 1726 2944 ac
1739 2904 2029 2960 precatorum

362 2951 560 3002 dete-&tui
586 2951 856 3027 in·acceptis
880 2952 990 3005 ferre
1003 2956 1250 3019 debemus,
1274 2956 1401 3024 qubd
1415 2960 1776 3013 malefactorum
1800 2959 1880 3010 sub
1907 2958 2031 3011 lche·

360 3033 490 3072 mate
503 3059 517 3083 ,
532 3018 781 3085 turpnhma
795 3025 980 3078 mortee
999 3024 1112 3082 vivis
1132 3024 1326 3084 sublati,
1350 3028 1588 3086 dimidium
1605 3046 1836 3089 annorum
1851 3032 2031 3079 nostro*

1863 3114 1962 3150 rum

499 3166 563 3215 (a)
586 3169 737 3206 Ezechielis
755 3180 811 3217 19,
